2189 2984
295 131 354 158 541
702 125 797 152 ACTA
817 125 929 151 REGNI
950 125 1085 152 KAROLI
1107 125 1152 151 IV.
1183 126 1264 154 ,1:348.
1302 124 1349 151 Nr.
1362 125 1420 152 528.
1439 125 1497 152 529.
1516 125 1575 152 530.

410 212 548 242 Karolus
572 211 633 242 Dei
657 213 766 253 gracia
789 212 1007 243 Romanorum
1032 222 1088 242 rex
1112 222 1241 252 semper
1264 215 1418 252 augustus
1443 215 1475 242 et
1498 212 1633 242 Boemie
1657 222 1724 242 rex.

410 262 477 293 Etsi
501 264 590 303 regie
615 263 779 303 dignitatis
803 265 1035 303 circumspecta
1060 263 1240 303 benignitas
1264 263 1428 293 universos
1445 273 1518 293 suos
1535 263 1647 293 fideles
1663 267 1695 294 et
1712 262 1857 303 devotos,
1875 273 1961 304 quos

296 316 481 346 Romanum
506 315 608 346 ambit
631 316 810 356 imperium,
829 317 882 356 pio
899 316 1007 346 favore
1026 316 1237 356 prosequitur,
1255 314 1296 345 ad
1312 315 1439 345 illorum
1456 317 1563 345 tamen
1579 314 1751 344 utilitatem
1769 316 1801 345 et
1818 314 1953 345 comoda

302 366 520 406 promovenda
544 367 714 407 specialius
739 368 879 407 aspirare
905 371 1040 403 tenetur,
1066 367 1117 407 qui
1142 367 1257 407 spretis
1281 366 1373 396 huius
1398 365 1507 396 mundi
1532 365 1805 396 oblectacionibus
1837 365 1953 396 devote

302 428 334 448 sc
359 417 420 448 Dei
453 417 613 458 obsequiis
644 418 840 448 dedicarunt.
887 418 1020 448 Noverit
1044 418 1138 457 igitur
1162 426 1291 458 presens
1315 420 1384 447 etas
1409 419 1441 447 et
1465 416 1559 447 futuri
1587 417 1740 457 temporis
1768 427 1954 447 successura

302 469 482 509 posteritas,
507 469 592 509 quod
617 469 657 499 ad
682 472 788 500 nostre
804 470 981 500 maiestatis
1005 469 1161 499 accedens
1185 468 1385 509 presenciam
1409 467 1601 498 venerabilis
1624 468 1830 498 Hermannus
1854 467 1954 499 abbas

301 520 485 550 monasterii
514 520 613 551 sancti
643 519 737 554 Galli,
767 521 913 561 princeps
938 523 1045 551 noster
1069 520 1218 559 dilectus,
1250 522 1358 549 nostro
1393 519 1521 549 culmini
1556 519 1719 550 humiliter
1752 519 1953 560 supplicavit,

302 574 457 611 quatenus
482 571 587 601 eidem
611 571 708 602 feoda
731 582 787 601 sua
812 571 942 611 regalia,
969 581 1030 612 que
1054 571 1121 601 iure
1147 574 1178 601 et
1202 570 1370 611 privilegio
1396 570 1472 601 dicti
1496 571 1681 601 monasterii
1705 571 1752 600 sui
1770 581 1789 601 a
1806 571 1897 601 nobis
1921 573 1954 602 et

301 633 391 653 sacro
415 623 548 663 imperio
574 622 713 653 debebat
737 623 881 663 recipere
904 625 935 653 et
952 625 1071 659 tenere,
1089 622 1147 652 sibi
1166 622 1310 652 conferre
1328 622 1519 662 gratiosius³
1544 622 1758 663 dignaremur,
1783 633 1840 653 nos
1856 623 1954 663 ipsius

301 673 548 704 racionabilibus
573 677 604 704 et
628 674 751 704 devotis
775 673 1073 714 supplicaeionibus,
1098 674 1177 703 sicut
1201 676 1342 703 nostram
1360 673 1454 705 decet
1471 673 1689 713 clemenciam,
1714 673 1952 704 benivolencius

301 728 477 755 annuentes
494 725 551 755 sibi
570 725 665 755 feoda
681 735 738 755 sua
756 728 787 755 et
804 725 987 755 monasterii
1005 724 1188 765 supradicti,
1210 734 1270 765 que
1289 724 1328 754 de
1346 724 1412 755 iure
1430 735 1448 754 a
1465 724 1555 755 nobis
1573 728 1604 755 et
1621 735 1710 755 sacro
1729 728 1838 755 tenere
1857 725 1954 756 debet

301 776 446 816 imperio,
472 776 661 807 contulimus
682 780 714 807 et
730 777 819 806 iuxta
836 786 956 806 morem
974 777 1053 805 sacri
1073 776 1197 816 imperii
1216 785 1273 816 per
1290 779 1451 816 sceptrum
1469 776 1589 816 regale,
1614 775 1756 806 osculum
1774 780 1806 806 et
1822 776 1952 806 anulum

298 827 403 867 ipsum
421 828 639 858 investivimus
657 831 688 858 et
704 828 888 858 investimus
904 827 1105 867 presentibus
1123 827 1161 857 de
1180 827 1311 866 eisdem,
1329 831 1461 867 recepto
1478 827 1518 858 ab
1537 838 1574 858 eo
1592 838 1648 868 pro
1665 827 1757 857 nobis
1774 827 1953 868 nostrisque

301 878 535 909 successoribus
552 879 581 908 111
598 878 744 909 Romano
762 889 860 919 regno
878 879 927 909 vel
946 879 1079 918 imperio
1098 878 1225 909 debitel’
1242 877 1405 909 fidelitatis
1425 882 1457 909 et
1473 879 1614 919 homagii
1632 881 1842 917 sacramento,
1863 889 1952 909 man-

300 930 413 959 dantes
430 929 567 968 vasallis,
590 929 857 965 ministerialibus,
879 929 1026 960 officiatis
1048 933 1079 959 et
1095 930 1165 959 aliis
1178 928 1363 960 hominibus
1381 930 1632 970 quibuscumque
1650 930 1835 960 monasterii
1852 930 1951 961 saneti

301 980 386 1011 Galli
404 980 529 1020 prefati,
548 984 702 1021 quatenus
715 980 823 1011 abbati
837 980 980 1021 predicto
998 981 1077 1010 sicut
1091 980 1219 1011 domino
1234 991 1289 1011 suo
1307 981 1339 1010 in
1352 981 1508 1020 omnibus,
1527 981 1641 1022 quibus
1656 980 1785 1020 debent,
1800 975 1952 1012 obediant

299 1031 464 1062 humiliter
481 1035 514 1062 et
530 1031 704 1062 intendant.
737 1032 872 1072 Insuper
889 1032 994 1062 omnia
1011 1031 1188 1072 privilegia,
1210 1033 1287 1067 iura,
1311 1032 1486 1071 libertates,
1510 1033 1711 1071 emunitates,
1730 1033 1952 1063 eoncessiones

301 1088 333 1113 et
349 1083 483 1123 gracias.
501 1082 678 1113 laudabiles
696 1093 821 1123 quoque
840 1089 871 1113 ct
884 1082 1078 1123 approbatas
1092 1083 1339 1113 consuetudines
1355 1083 1531 1124 prescripto
1547 1084 1739 1114 monasterio
1754 1085 1854 1114 sancti
1867 1083 1951 1115 Galli

301 1138 332 1163 et
356 1133 526 1164 abbatibus
550 1134 647 1175 ipsius
671 1145 690 1164 a
714 1134 792 1164 divis
809 1133 1027 1164 Romamn-um
1044 1134 1291 1174 imperatoribus
1314 1138 1345 1165 et
1366 1134 1505 1175 regibus,
1530 1134 1809 1175 predecessoribus
1826 1136 1951 1176 nostris,

301 1186 385 1215 faeta
409 1188 441 1215 et
464 1185 578 1223 factas,
604 1195 754 1215 concessa
779 1188 810 1215 et
834 1195 1014 1218 concessas,
1040 1185 1078 1215 de
1100 1185 1293 1216 liberalitate
1318 1186 1412 1216 solita
1437 1186 1476 1216 de
1501 1196 1583 1216 novo
1608 1187 1710 1216 eciam
1735 1187 1948 1225 concedimus,

300 1236 494 1266 ratificamus
525 1240 556 1267 et
586 1237 743 1277 presentis
772 1237 879 1277 scripti
904 1237 1079 1277 patrocinio
1111 1248 1151 1267 ex
1176 1241 1263 1268 eerta
1287 1238 1425 1268 sciencia
1450 1237 1682 1268 confirmamus.
1729 1237 1765 1268 Iu
1794 1239 1882 1268 euius
1906 1239 1950 1269 rei

299 1288 515 1319 testimonium
542 1291 706 1327 presentes
730 1287 823 1318 scribi
847 1291 879 1317 et
903 1292 1007 1318 nostre
1032 1288 1208 1319 maiestatis
1233 1289 1327 1329 sigilli
1352 1289 1525 1319 munimine
1550 1289 1696 1319 iussimus
1721 1289 1873 1319 roborari.

407 1338 525 1369 Datum
550 1339 580 1369 in
605 1339 809 1379 Nurenberg,
839 1350 920 1369 anno
945 1339 1072 1369 Domini
1102 1339 1272 1370 millesimo
1301 1341 1526 1371 trecentesimo
1556 1340 1802 1381 quadragesimo
1827 1344 1950 1379 octavo,

299 1390 476 1420 indiccione
501 1391 612 1430 prima,
636 1390 741 1420 XVII.
764 1390 927 1420 Kalendas
951 1390 1070 1423 Marcii.
1095 1402 1264 1431 regnorum
1289 1396 1468 1422 nostrorum
1494 1402 1576 1422 anno
1601 1391 1750 1423 seeundo.

408 1450 450 1480 In
468 1449 555 1488 plica
578 1450 728 1488 scriptum
752 1453 811 1480 est:
845 1461 901 1490 per
924 1450 1086 1481 dominum
1112 1451 1336 1482 cancellarium
1358 1452 1360 1492 Ι
1382 1451 1419 1482 P.
1438 1451 1477 1482 de
1501 1453 1602 1482 Luna.

532 1555 616 1590 529.
658 1555 878 1599 ‚Privilegsinm
913 1557 952 1589 «lv
982 1557 1108 1591 iudicio
1136 1558 1258 1591 civicam
1289 1557 1323 1590 in¹
1356 1557 1434 1591 Wil.
1467 1576 1516 1580 —
1549 1558 1647 1591 Febr.
1668 1558 1723 1592 15.

411 1624 569 1663 Orissinale
604 1625 635 1654 in
670 1625 795 1655 archivo
827 1626 962 1655 cirilafis
998 1625 1069 1656 Wil.
1104 1626 1146 1656 In
1166 1625 1268 1664 plica:
1292 1626 1330 1656 R.
1378 1626 1485 1665 Sigyzsslless
1507 1627 1718 1665 flammineum
1741 1627 1856 1666 pendet
1885 1627 1950 1665 filis

299 1676 408 1706 scricis
430 1676 520 1706 rubri
543 1675 678 1714 flavique
701 1675 818 1706 coloris.
844 1695 883 1697 ᾉ
907 1677 967 1707 Ed.
990 1676 1179 1707 chzrtmmm
1203 1677 1270 1714 ΙΙΙ,
1296 1678 1358 1707 579
1381 1688 1428 1708 ur.
1448 1678 1539 1708 1453,

408 1731 482 1770 Rea.
503 1731 574 1769 imp.
600 1731 690 1761 VIII
711 1742 758 1761 nr.
777 1732 869 1761 5992).

408 1799 479 1829 Wir
502 1799 580 1829 Karl
604 1810 665 1829 von
690 1799 769 1829 Gots
793 1800 918 1839 gnaden
943 1800 1132 1831 Riffnnisehor
1156 1800 1243 1841 kung
1267 1800 1304 1830 zi}
1329 1801 1413 1831 allen
1444 1802 1526 1832 ziten
1556 1812 1662 1832 mercr
1691 1801 1747 1832 des
1775 1802 1858 1832 richs
1886 1803 1948 1833 und

267 1847 273 1853 ⁴
300 1851 387 1891 kung
410 1852 447 1880 zii
466 1851 600 1882 Beheim
626 1851 777 1889 verjehen
801 1852 864 1881 und
890 1851 942 1881 tun
968 1853 1046 1882 kunt
1071 1852 1218 1882 ‹‚·ffenlicl1
1242 1853 1300 1882 mit
1316 1852 1417 1883 disem
1435 1852 1520 1883 brief
1533 1853 1617 1883 allen
1635 1853 1707 1892 den,
1733 1853 1763 1884 di
1780 1854 1809 1883 in
1828 1854 1950 1893 sehent,

302 1903 414 1933 herent
438 1902 508 1932 odir
532 1902 644 1941 lesent,
669 1902 725 1932 daz
750 1903 805 1932 wir
828 1904 1011 1942 angeselwn
1037 1903 1141 1934 haben
1166 1904 1335 1944 getrewin,
1364 1905 1504 1945 willigen
1532 1904 1594 1934 und
1626 1908 1730 1935 steten
1762 1904 1859 1941 diust,
1889 1905 1951 1936 den

300 1965 359 1983 uns
389 1953 452 1984 und
484 1953 557 1983 dem
588 1953 695 1983 reiche
727 1953 783 1983 der
811 1954 978 1992 erwirdige
1007 1955 1149 1986 Herman
1179 1955 1234 1985 abt
1263 1966 1299 1985 zu
1331 1958 1402 1985 sant
1430 1955 1555 1991 Galleu,
1588 1966 1684 1986 unser
1712 1955 1813 1987 lieber
1842 1956 1951 1995 furste,

301 2004 376 2035 offte
401 2004 702 2035 unvordrozzenlich
726 2008 822 2044 getan
847 2005 901 2035 liat
925 2006 987 2035 und
1013 2006 1093 2036 noch
1118 2005 1173 2036 tfin
1197 2007 1243 2037 sol
1267 2007 1331 2037 und
1356 2017 1430 2047 mag
1447 2007 1478 2037 111
1496 2007 1662 2047 kunftigen
1680 2008 1772 2038 ziten.
1806 2008 1950 2039 Darumb

300 2055 404 2096 geben
429 2056 485 2086 wir
508 2055 572 2085 und
596 2055 738 2085 verlihen
763 2066 823 2086 von
847 2066 973 2086 unserin
998 2057 1191 2097 kungliehen
1208 2058 1325 2098 gewalt
1341 2058 1404 2088 und
1421 2069 1481 2088 von
1500 2058 1680 2088 besuudern
1697 2059 1845 2098 genaden
1862 2060 1950 2090 sinen

301 2107 439 2147 burgern
464 2106 520 2137 der
550 2109 612 2137 stat
636 2106 674 2136 zfi
699 2106 764 2136 Wil
789 2106 897 2137 suh-lie
922 2108 1037 2148 guado,
1067 2108 1124 2139 daz
1149 2110 1173 2139 si
1199 2110 1319 2140 nimant
1350 2109 1507 2140 audirswo
1539 2110 1569 2139 in
1598 2110 1694 2140 dliein
1722 2111 1828 2151 geriht
1855 2110 1950 2142 laden

301 2158 382 2188 noch
407 2157 564 2198 beel-agen
588 2168 682 2197 mage
707 2158 787 2187 noch
812 2158 858 2188 sol
882 2159 957 2188 umb
983 2159 1157 2193 dheinerlei
1183 2161 1289 2199 sache,
1314 2161 1356 2191 im
1374 2161 1482 2191 wurde
1501 2161 1584 2191 daun
1602 2161 1657 2191 des
1675 2164 1780 2191 ersten
1798 2172 1859 2192 von
1877 2162 1949 2193 dem

302 2209 517 2239 schultheisen
542 2208 604 2238 und
630 2208 678 2238 fur
702 2209 775 2239 dem
799 2210 923 2249 gerihte
947 2211 984 2240 zii
1010 2210 1075 2241 Wil
1100 2212 1171 2242 relit
1195 2212 1344 2252 versagit.
1390 2212 1449 2242 Mit
1472 2212 1614 2242 urchund
1638 2212 1685 2242 dis
1710 2212 1835 2243 briefes.

409 2260 476 2290 Der
500 2260 603 2300 geben
629 2260 667 2289 ist
695 2259 732 2289 21⁰1
756 2259 959 2295 Nurnberch,
991 2261 1049 2292 dar
1078 2273 1151 2292 man
1182 2263 1243 2293 zalt
1274 2262 1355 2293 noch
1380 2263 1499 2294 Cristes
1527 2263 1642 2303 geburt
1673 2263 1950 2294 dreuzenhundert

299 2312 350 2350 jar
374 2312 403 2340 in
429 2310 502 2341 dem
527 2311 582 2340 aht
605 2310 667 2340 und
692 2311 880 2351 virzigesten
907 2313 992 2351 jare,
1023 2323 1062 2342 an
1094 2313 1167 2344 dem
1196 2314 1329 2344 nehsten
1361 2314 1456 2354 sritag
1485 2314 1565 2344 nach
1595 2318 1666 2344 sant
1689 2314 1855 2345 Valentius
1884 2318 1949 2355 tag,

302 2363 331 2392 in
358 2362 429 2392 (10111
455 2361 574 2392 andern
596 2363 648 2400 jar
672 2372 782 2392 unserr
806 2363 900 2393 riche.

477 2467 561 2501 530.
604 2468 825 2509 Confirnmtio
853 2467 1090 2510 (›·⁷1liqafiammt
1114 2480 1180 2512 pro
1209 2470 1363 2512 llonmssio
1395 2471 1486 2503 data.
1516 2489 1561 2492 —
1592 2470 1694 2504 Febr.
1715 2471 1769 2504 16,

415 2534 573 2573 (hismaele
596 2536 712 2566 Iar-snm
739 2537 770 2567 in
790 2537 913 2567 (111]ιὶιό
933 2537 1074 2567 abbatiae
1091 2538 1120 2568 S,
1139 2538 1227 2569 Galli
1244 2539 1503 2578 (⁴›S't2'stsarclzivs)
1528 2539 1572 2569 ⁴T.
1588 2540 1618 2576 2,
1642 2540 1681 2569 A.
1700 2540 1762 2570 15⁷.
1804 2539 1950 2579 Sigle'llum

297 2586 413 2624 pande!
436 2586 500 2623 filis
523 2587 629 2617 ,ειν-ἱείς
654 2587 742 2617 rubri
764 2587 899 2626 flavique
922 2588 1038 2619 soloris.
1066 2607 1103 2610 —
1130 2589 1190 2619 Ed.
1216 2590 1405 2621 Wm-tmmm
1428 2590 1494 2621 ΙΙΙ,
1519 2591 1581 2620 580
1604 2600 1652 2621 nr.
1671 2591 1763 2621 1454.

412 2640 486 2680 Iirgs.
505 2642 575 2680 imp.
602 2641 689 2672 VIII
711 2653 756 2673 ην,
775 2644 846 2673 0¹10:

408 2725 472 2751 528.
501 2730 523 2748 -Ἣ
543 2728 690 2758 generosius
709 2728 747 2751 ml.
836 2728 859 2760 Ἡ)
879 2729 962 2753 debito
982 2730 1018 2753 ol.

1985 431 1996 449 5

1974 686 1997 704 10

1971 940 1994 959 15

1969 1198 1994 1217 20

1970 1814 1993 1832 30

1969 2067 1994 2087 35

1969 2323 1995 2342 40

1969 2654 1993 2672 45
