<?xml version="1.0" encoding="UTF-8"?>
<!DOCTYPE html PUBLIC "-//W3C//DTD XHTML 1.0 Transitional//EN"
    "http://www.w3.org/TR/xhtml1/DTD/xhtml1-transitional.dtd">
<html xmlns="http://www.w3.org/1999/xhtml" xml:lang="en" lang="en">
 <head>
  <title>
</title>
<meta http-equiv="Content-Type" content="text/html;charset=utf-8" />
  <meta name='ocr-system' content='tesseract 3.04.00' />
  <meta name='ocr-capabilities' content='ocr_page ocr_carea ocr_par ocr_line ocrx_word'/>
</head>
<body>
  <div class='ocr_page' id='page_1' title='image "./monumentagermani08geseuoft/monumentagermani08geseuoft_0132.png"; bbox 0 0 2189 2984; ppageno 0'>
   <div class='ocr_carea' id='block_1_1' title="bbox 342 153 1542 189">
    <p class='ocr_par' dir='ltr' id='par_1_1' title="bbox 342 153 1542 189">
     <span class='ocr_line' id='line_1_1' title="bbox 342 153 1542 189; baseline -0.008 -2"><span class='ocrx_word' id='word_1_1' title='bbox 342 160 380 189; x_wconf 65' lang='lat'>96</span> <span class='ocrx_word' id='word_1_2' title='bbox 784 156 878 182; x_wconf 78' lang='lat' dir='ltr'><strong>ACTA</strong></span> <span class='ocrx_word' id='word_1_3' title='bbox 899 155 1009 181; x_wconf 78' lang='lat' dir='ltr'>REGNI</span> <span class='ocrx_word' id='word_1_4' title='bbox 1030 155 1165 181; x_wconf 83' lang='lat' dir='ltr'><strong>KAROLI</strong></span> <span class='ocrx_word' id='word_1_5' title='bbox 1185 155 1231 180; x_wconf 87' lang='lat' dir='ltr'>IV.</span> <span class='ocrx_word' id='word_1_6' title='bbox 1270 155 1343 180; x_wconf 66' lang='lat'><strong>1346.</strong></span> <span class='ocrx_word' id='word_1_7' title='bbox 1379 153 1427 179; x_wconf 87' lang='lat' dir='ltr'>Nr.</span> <span class='ocrx_word' id='word_1_8' title='bbox 1441 154 1482 179; x_wconf 82' lang='lat'>64.</span> <span class='ocrx_word' id='word_1_9' title='bbox 1502 153 1542 178; x_wconf 83' lang='lat'>65.</span> 
     </span>
    </p>
   </div>
   <div class='ocr_carea' id='block_1_2' title="bbox 342 241 1987 796">
    <p class='ocr_par' dir='ltr' id='par_1_2' title="bbox 342 241 1987 751">
     <span class='ocr_line' id='line_1_2' title="bbox 342 241 1985 280; baseline -0.002 -8"><span class='ocrx_word' id='word_1_10' title='bbox 342 247 446 273; x_wconf 82' lang='lat' dir='ltr'>dictum</span> <span class='ocrx_word' id='word_1_11' title='bbox 467 247 585 273; x_wconf 84' lang='lat' dir='ltr'>electum</span> <span class='ocrx_word' id='word_1_12' title='bbox 607 246 634 272; x_wconf 91' lang='lat' dir='ltr'>in</span> <span class='ocrx_word' id='word_1_13' title='bbox 655 246 839 272; x_wconf 85' lang='lat' dir='ltr'>Romanorum</span> <span class='ocrx_word' id='word_1_14' title='bbox 859 254 950 280; x_wconf 84' lang='lat' dir='ltr'>regem</span> <span class='ocrx_word' id='word_1_15' title='bbox 971 245 997 271; x_wconf 94' lang='lat' dir='ltr'>in</span> <span class='ocrx_word' id='word_1_16' title='bbox 1018 246 1212 279; x_wconf 74' lang='lat' dir='ltr'>imperatorem</span> <span class='ocrx_word' id='word_1_17' title='bbox 1232 244 1446 278; x_wconf 82' lang='lat' dir='ltr'>promovendum</span> <span class='ocrx_word' id='word_1_18' title='bbox 1466 241 1590 276; x_wconf 84' lang='lat' dir='ltr'>paternis</span> <span class='ocrx_word' id='word_1_19' title='bbox 1610 242 1682 268; x_wconf 88' lang='lat' dir='ltr'>ulnis</span> <span class='ocrx_word' id='word_1_20' title='bbox 1703 241 1850 275; x_wconf 82' lang='lat' dir='ltr'>benignius</span> <span class='ocrx_word' id='word_1_21' title='bbox 1865 242 1985 275; x_wconf 86' lang='lat' dir='ltr'>amplec—</span> 
     </span>
     <span class='ocr_line' id='line_1_3' title="bbox 343 293 1987 332; baseline -0.004 -7"><span class='ocrx_word' id='word_1_22' title='bbox 343 301 440 327; x_wconf 64' lang='lat' dir='ltr'>tentesv</span> <span class='ocrx_word' id='word_1_23' title='bbox 461 298 551 332; x_wconf 85' lang='lat' dir='ltr'>ipsum</span> <span class='ocrx_word' id='word_1_24' title='bbox 570 306 662 332; x_wconf 85' lang='lat' dir='ltr'>regem</span> <span class='ocrx_word' id='word_1_25' title='bbox 683 297 865 324; x_wconf 85' lang='lat' dir='ltr'>Romanorum</span> <span class='ocrx_word' id='word_1_26' title='bbox 886 297 1060 324; x_wconf 78' lang='lat' dir='ltr'>nominantes</span> <span class='ocrx_word' id='word_1_27' title='bbox 1088 300 1116 323; x_wconf 86' lang='lat' dir='ltr'>et</span> <span class='ocrx_word' id='word_1_28' title='bbox 1142 298 1317 330; x_wconf 76' lang='lat' dir='ltr'>reputantes,</span> <span class='ocrx_word' id='word_1_29' title='bbox 1338 295 1427 321; x_wconf 84' lang='lat' dir='ltr'>eidem</span> <span class='ocrx_word' id='word_1_30' title='bbox 1450 302 1547 320; x_wconf 86' lang='lat' dir='ltr'>munus</span> <span class='ocrx_word' id='word_1_31' title='bbox 1567 293 1781 320; x_wconf 84' lang='lat' dir='ltr'>consecrationis</span> <span class='ocrx_word' id='word_1_32' title='bbox 1801 295 1829 319; x_wconf 89' lang='lat' dir='ltr'>et</span> <span class='ocrx_word' id='word_1_33' title='bbox 1847 293 1987 326; x_wconf 78' lang='lat' dir='ltr'>dyadema</span> 
     </span>
     <span class='ocr_line' id='line_1_4' title="bbox 342 344 1984 383; baseline -0.003 -8"><span class='ocrx_word' id='word_1_34' title='bbox 342 350 413 377; x_wconf 75' lang='lat' dir='ltr'>sacri</span> <span class='ocrx_word' id='word_1_35' title='bbox 434 349 543 383; x_wconf 87' lang='lat' dir='ltr'>imperii</span> <span class='ocrx_word' id='word_1_36' title='bbox 563 350 595 375; x_wconf 86' lang='lat' dir='ltr'>de</span> <span class='ocrx_word' id='word_1_37' title='bbox 615 349 797 376; x_wconf 84' lang='lat' dir='ltr'>sacrosanctis</span> <span class='ocrx_word' id='word_1_38' title='bbox 817 349 945 376; x_wconf 86' lang='lat' dir='ltr'>manibus</span> <span class='ocrx_word' id='word_1_39' title='bbox 966 349 1063 375; x_wconf 83' lang='lat' dir='ltr'>vestris</span> <span class='ocrx_word' id='word_1_40' title='bbox 1083 348 1248 375; x_wconf 83' lang='lat' dir='ltr'>conferendo</span> <span class='ocrx_word' id='word_1_41' title='bbox 1268 346 1420 380; x_wconf 71' lang='lat' dir='ltr'>dignemini</span> <span class='ocrx_word' id='word_1_42' title='bbox 1440 346 1499 372; x_wconf 90' lang='lat' dir='ltr'>loco</span> <span class='ocrx_word' id='word_1_43' title='bbox 1524 347 1553 372; x_wconf 89' lang='lat' dir='ltr'>et</span> <span class='ocrx_word' id='word_1_44' title='bbox 1571 347 1695 379; x_wconf 88' lang='lat' dir='ltr'>tempore</span> <span class='ocrx_word' id='word_1_45' title='bbox 1715 344 1859 378; x_wconf 75' lang='lat' dir='ltr'>oportunis</span> <span class='ocrx_word' id='word_1_46' title='bbox 1878 345 1984 371; x_wconf 84' lang='lat' dir='ltr'>favora-</span> 
     </span>
     <span class='ocr_line' id='line_1_5' title="bbox 343 396 1985 435; baseline -0.003 -8"><span class='ocrx_word' id='word_1_47' title='bbox 343 402 437 428; x_wconf 85' lang='lat' dir='ltr'>biliter</span> <span class='ocrx_word' id='word_1_48' title='bbox 456 401 607 435; x_wconf 69' lang='lat' dir='ltr'>impartiriv</span> <span class='ocrx_word' id='word_1_49' title='bbox 628 404 658 428; x_wconf 88' lang='lat' dir='ltr'>ut</span> <span class='ocrx_word' id='word_1_50' title='bbox 677 401 767 428; x_wconf 85' lang='lat' dir='ltr'>sciant</span> <span class='ocrx_word' id='word_1_51' title='bbox 787 404 815 428; x_wconf 90' lang='lat' dir='ltr'>et</span> <span class='ocrx_word' id='word_1_52' title='bbox 834 401 995 435; x_wconf 74' lang='lat' dir='ltr'>intelligant</span> <span class='ocrx_word' id='word_1_53' title='bbox 1014 400 1147 429; x_wconf 74' lang='lat' dir='ltr'>universi,</span> <span class='ocrx_word' id='word_1_54' title='bbox 1171 400 1242 433; x_wconf 87' lang='lat' dir='ltr'>quod</span> <span class='ocrx_word' id='word_1_55' title='bbox 1268 398 1391 433; x_wconf 79' lang='lat' dir='ltr'>posuerit</span> <span class='ocrx_word' id='word_1_56' title='bbox 1417 398 1445 423; x_wconf 93' lang='lat' dir='ltr'>in</span> <span class='ocrx_word' id='word_1_57' title='bbox 1470 397 1558 423; x_wconf 87' lang='lat' dir='ltr'>lucem</span> <span class='ocrx_word' id='word_1_58' title='bbox 1578 396 1703 431; x_wconf 86' lang='lat' dir='ltr'>gentium</span> <span class='ocrx_word' id='word_1_59' title='bbox 1723 405 1770 423; x_wconf 89' lang='lat' dir='ltr'>vos</span> <span class='ocrx_word' id='word_1_60' title='bbox 1793 396 1936 427; x_wconf 81' lang='lat' dir='ltr'>Dominus,</span> <span class='ocrx_word' id='word_1_61' title='bbox 1956 398 1985 422; x_wconf 89' lang='lat' dir='ltr'>et</span> 
     </span>
     <span class='ocr_line' id='line_1_6' title="bbox 343 447 1987 487; baseline -0.004 -8"><span class='ocrx_word' id='word_1_62' title='bbox 343 462 390 487; x_wconf 89' lang='lat' dir='ltr'>per</span> <span class='ocrx_word' id='word_1_63' title='bbox 417 455 505 480; x_wconf 78' lang='lat' dir='ltr'>vestre</span> <span class='ocrx_word' id='word_1_64' title='bbox 531 453 690 480; x_wconf 80' lang='lat' dir='ltr'>sanctitatis</span> <span class='ocrx_word' id='word_1_65' title='bbox 714 452 860 479; x_wconf 77' lang='lat' dir='ltr'>arbitrium</span> <span class='ocrx_word' id='word_1_66' title='bbox 883 453 942 479; x_wconf 89' lang='lat' dir='ltr'>orbi</span> <span class='ocrx_word' id='word_1_67' title='bbox 967 455 1037 478; x_wconf 85' lang='lat' dir='ltr'>terre</span> <span class='ocrx_word' id='word_1_68' title='bbox 1065 454 1127 485; x_wconf 89' lang='lat' dir='ltr'>post</span> <span class='ocrx_word' id='word_1_69' title='bbox 1151 451 1275 477; x_wconf 86' lang='lat' dir='ltr'>nubilum</span> <span class='ocrx_word' id='word_1_70' title='bbox 1301 452 1435 483; x_wconf 78' lang='lat' dir='ltr'>exoptata</span> <span class='ocrx_word' id='word_1_71' title='bbox 1460 448 1594 475; x_wconf 77' lang='lat' dir='ltr'>serenitas</span> <span class='ocrx_word' id='word_1_72' title='bbox 1619 448 1766 474; x_wconf 77' lang='lat' dir='ltr'>elucescat.</span> <span class='ocrx_word' id='word_1_73' title='bbox 1808 447 1935 474; x_wconf 87' lang='lat' dir='ltr'>Ceterum</span> <span class='ocrx_word' id='word_1_74' title='bbox 1954 450 1987 474; x_wconf 84' lang='lat' dir='ltr'>ut</span> 
     </span>
     <span class='ocr_line' id='line_1_7' title="bbox 343 499 1986 538; baseline -0.003 -8"><span class='ocrx_word' id='word_1_75' title='bbox 343 506 489 532; x_wconf 82' lang='lat' dir='ltr'>beatitudo</span> <span class='ocrx_word' id='word_1_76' title='bbox 509 507 601 531; x_wconf 84' lang='lat' dir='ltr'>vestra</span> <span class='ocrx_word' id='word_1_77' title='bbox 620 507 771 538; x_wconf 80' lang='lat' dir='ltr'>cognoscat</span> <span class='ocrx_word' id='word_1_78' title='bbox 790 504 948 531; x_wconf 82' lang='lat' dir='ltr'>evidencius</span> <span class='ocrx_word' id='word_1_79' title='bbox 972 506 1037 530; x_wconf 85' lang='lat' dir='ltr'>vota</span> <span class='ocrx_word' id='word_1_80' title='bbox 1057 503 1177 529; x_wconf 87' lang='lat' dir='ltr'>omnium</span> <span class='ocrx_word' id='word_1_81' title='bbox 1201 503 1351 528; x_wconf 82' lang='lat' dir='ltr'>electorum</span> <span class='ocrx_word' id='word_1_82' title='bbox 1376 501 1533 534; x_wconf 85' lang='lat' dir='ltr'>principum</span> <span class='ocrx_word' id='word_1_83' title='bbox 1554 501 1742 534; x_wconf 84' lang='lat' dir='ltr'>pretactorum</span> <span class='ocrx_word' id='word_1_84' title='bbox 1766 499 1938 533; x_wconf 88' lang='lat' dir='ltr'>presencium</span> <span class='ocrx_word' id='word_1_85' title='bbox 1957 499 1986 525; x_wconf 88' lang='lat' dir='ltr'>in</span> 
     </span>
     <span class='ocr_line' id='line_1_8' title="bbox 344 552 1986 591; baseline -0.003 -8"><span class='ocrx_word' id='word_1_86' title='bbox 344 557 475 591; x_wconf 84' lang='lat' dir='ltr'>predictis</span> <span class='ocrx_word' id='word_1_87' title='bbox 501 557 628 583; x_wconf 87' lang='lat' dir='ltr'>omnibus</span> <span class='ocrx_word' id='word_1_88' title='bbox 652 558 679 582; x_wconf 89' lang='lat' dir='ltr'>et</span> <span class='ocrx_word' id='word_1_89' title='bbox 702 556 818 590; x_wconf 80' lang='lat' dir='ltr'>singulis</span> <span class='ocrx_word' id='word_1_90' title='bbox 843 557 1020 583; x_wconf 65' lang='lat' dir='ltr'>concordasse</span> <span class='ocrx_word' id='word_1_91' title='bbox 1044 558 1070 582; x_wconf 82' lang='lat' dir='ltr'>et</span> <span class='ocrx_word' id='word_1_92' title='bbox 1096 556 1122 581; x_wconf 90' lang='lat' dir='ltr'>in</span> <span class='ocrx_word' id='word_1_93' title='bbox 1147 555 1286 589; x_wconf 75' lang='lat' dir='ltr'>peticione</span> <span class='ocrx_word' id='word_1_94' title='bbox 1307 553 1463 580; x_wconf 86' lang='lat' dir='ltr'>huiusmodi</span> <span class='ocrx_word' id='word_1_95' title='bbox 1483 553 1599 579; x_wconf 76' lang='lat' dir='ltr'>existere</span> <span class='ocrx_word' id='word_1_96' title='bbox 1620 552 1763 579; x_wconf 86' lang='lat' dir='ltr'>unanimes</span> <span class='ocrx_word' id='word_1_97' title='bbox 1782 554 1810 579; x_wconf 90' lang='lat' dir='ltr'>et</span> <span class='ocrx_word' id='word_1_98' title='bbox 1830 552 1986 579; x_wconf 81' lang='lat' dir='ltr'>concordes.</span> 
     </span>
     <span class='ocr_line' id='line_1_9' title="bbox 343 603 1987 642; baseline -0.003 -8"><span class='ocrx_word' id='word_1_99' title='bbox 343 608 488 635; x_wconf 72' lang='lat' dir='ltr'>sanctitati</span> <span class='ocrx_word' id='word_1_100' title='bbox 514 610 603 635; x_wconf 85' lang='lat' dir='ltr'>vestre</span> <span class='ocrx_word' id='word_1_101' title='bbox 628 610 768 642; x_wconf 81' lang='lat' dir='ltr'>presentes</span> <span class='ocrx_word' id='word_1_102' title='bbox 792 608 952 634; x_wconf 79' lang='lat' dir='ltr'>transmitto</span> <span class='ocrx_word' id='word_1_103' title='bbox 977 607 1121 634; x_wconf 80' lang='lat' dir='ltr'>electionis</span> <span class='ocrx_word' id='word_1_104' title='bbox 1146 607 1240 633; x_wconf 84' lang='lat' dir='ltr'>literas</span> <span class='ocrx_word' id='word_1_105' title='bbox 1267 605 1355 639; x_wconf 84' lang='lat' dir='ltr'>sigilli</span> <span class='ocrx_word' id='word_1_106' title='bbox 1380 604 1434 631; x_wconf 86' lang='lat' dir='ltr'>mei</span> <span class='ocrx_word' id='word_1_107' title='bbox 1460 603 1610 630; x_wconf 83' lang='lat' dir='ltr'>munimine</span> <span class='ocrx_word' id='word_1_108' title='bbox 1635 613 1667 631; x_wconf 81' lang='lat' dir='ltr'>ex</span> <span class='ocrx_word' id='word_1_109' title='bbox 1692 605 1768 630; x_wconf 80' lang='lat' dir='ltr'>certa</span> <span class='ocrx_word' id='word_1_110' title='bbox 1786 612 1848 630; x_wconf 89' lang='lat' dir='ltr'>mea</span> <span class='ocrx_word' id='word_1_111' title='bbox 1866 603 1987 630; x_wconf 76' lang='lat' dir='ltr'>sciencia</span> 
     </span>
     <span class='ocr_line' id='line_1_10' title="bbox 344 651 1987 697; baseline -0.004 -9"><span class='ocrx_word' id='word_1_112' title='bbox 344 662 498 694; x_wconf 54' lang='lat' dir='ltr'>roboratas</span> <span class='ocrx_word' id='word_1_113' title='bbox 522 663 606 696; x_wconf 83' lang='lat' dir='ltr'>prout</span> <span class='ocrx_word' id='word_1_114' title='bbox 630 657 731 687; x_wconf 86' lang='lat' dir='ltr'>eciam</span> <span class='ocrx_word' id='word_1_115' title='bbox 755 656 809 686; x_wconf 87' lang='lat' dir='ltr'>alii</span> <span class='ocrx_word' id='word_1_116' title='bbox 833 657 992 697; x_wconf 82' lang='lat' dir='ltr'>principos</span> <span class='ocrx_word' id='word_1_117' title='bbox 1017 655 1211 686; x_wconf 67' lang='lat' dir='ltr'>coelectores</span> <span class='ocrx_word' id='word_1_118' title='bbox 1235 655 1297 685; x_wconf 86' lang='lat' dir='ltr'>mei</span> <span class='ocrx_word' id='word_1_119' title='bbox 1321 653 1455 695; x_wconf 82' lang='lat' dir='ltr'>predicti</span> <span class='ocrx_word' id='word_1_120' title='bbox 1480 652 1586 683; x_wconf 80' lang='lat' dir='ltr'>eidem</span> <span class='ocrx_word' id='word_1_121' title='bbox 1610 653 1769 683; x_wconf 83' lang='lat' dir='ltr'>sanctitati</span> <span class='ocrx_word' id='word_1_122' title='bbox 1793 651 1850 682; x_wconf 88' lang='lat' dir='ltr'>sub</span> <span class='ocrx_word' id='word_1_123' title='bbox 1875 651 1987 693; x_wconf 80' lang='lat' dir='ltr'>sigillis</span> 
     </span>
     <span class='ocr_line' id='line_1_11' title="bbox 343 704 1762 751; baseline -0.006 -9"><span class='ocrx_word' id='word_1_124' title='bbox 343 713 483 751; x_wconf 84' lang='lat' dir='ltr'>ipsorum</span> <span class='ocrx_word' id='word_1_125' title='bbox 508 720 581 740; x_wconf 79' lang='lat' dir='ltr'>suas</span> <span class='ocrx_word' id='word_1_126' title='bbox 605 709 821 739; x_wconf 76' lang='lat' dir='ltr'>transmittunt</span> <span class='ocrx_word' id='word_1_127' title='bbox 844 708 967 738; x_wconf 86' lang='lat' dir='ltr'>litteras</span> <span class='ocrx_word' id='word_1_128' title='bbox 992 709 1021 737; x_wconf 92' lang='lat' dir='ltr'>in</span> <span class='ocrx_word' id='word_1_129' title='bbox 1046 707 1195 738; x_wconf 85' lang='lat' dir='ltr'>effectum</span> <span class='ocrx_word' id='word_1_130' title='bbox 1220 706 1330 736; x_wconf 80' lang='lat' dir='ltr'>similis</span> <span class='ocrx_word' id='word_1_131' title='bbox 1355 704 1553 735; x_wconf 72' lang='lat' dir='ltr'>continencia</span> <span class='ocrx_word' id='word_1_132' title='bbox 1579 707 1611 734; x_wconf 83' lang='lat' dir='ltr'>et</span> <span class='ocrx_word' id='word_1_133' title='bbox 1634 704 1762 734; x_wconf 85' lang='lat' dir='ltr'>tenoris.</span> 
     </span>
    </p>

    <p class='ocr_par' dir='ltr' id='par_1_3' title="bbox 446 758 1987 796">
     <span class='ocr_line' id='line_1_12' title="bbox 446 758 1987 796; baseline -0.004 -6"><span class='ocrx_word' id='word_1_134' title='bbox 446 765 517 791; x_wconf 84' lang='lat' dir='ltr'>Acta</span> <span class='ocrx_word' id='word_1_135' title='bbox 544 765 608 790; x_wconf 84' lang='lat' dir='ltr'>sunt</span> <span class='ocrx_word' id='word_1_136' title='bbox 636 763 686 789; x_wconf 86' lang='lat' dir='ltr'>hec</span> <span class='ocrx_word' id='word_1_137' title='bbox 714 763 741 788; x_wconf 90' lang='lat' dir='ltr'>in</span> <span class='ocrx_word' id='word_1_138' title='bbox 770 762 899 796; x_wconf 87' lang='lat' dir='ltr'>pomeriis</span> <span class='ocrx_word' id='word_1_139' title='bbox 927 762 1059 796; x_wconf 81' lang='lat' dir='ltr'>predictis</span> <span class='ocrx_word' id='word_1_140' title='bbox 1079 762 1124 788; x_wconf 86' lang='lat' dir='ltr'>XI.</span> <span class='ocrx_word' id='word_1_141' title='bbox 1151 762 1195 788; x_wconf 85' lang='lat' dir='ltr'>die</span> <span class='ocrx_word' id='word_1_142' title='bbox 1222 760 1323 787; x_wconf 78' lang='lat' dir='ltr'>mensis</span> <span class='ocrx_word' id='word_1_143' title='bbox 1350 759 1414 785; x_wconf 79' lang='lat' dir='ltr'>Iulii</span> <span class='ocrx_word' id='word_1_144' title='bbox 1439 759 1578 793; x_wconf 79' lang='lat' dir='ltr'>predicta,</span> <span class='ocrx_word' id='word_1_145' title='bbox 1607 768 1679 785; x_wconf 86' lang='lat' dir='ltr'>anno</span> <span class='ocrx_word' id='word_1_146' title='bbox 1705 758 1814 785; x_wconf 87' lang='lat' dir='ltr'>Domini</span> <span class='ocrx_word' id='word_1_147' title='bbox 1839 758 1987 785; x_wconf 86' lang='lat' dir='ltr'>millesimo</span> 
     </span>
    </p>
   </div>
   <div class='ocr_carea' id='block_1_3' title="bbox 343 815 871 849">
    <p class='ocr_par' dir='ltr' id='par_1_4' title="bbox 343 815 871 849">
     <span class='ocr_line' id='line_1_13' title="bbox 343 815 871 849; baseline -0.008 -5"><span class='ocrx_word' id='word_1_148' title='bbox 343 817 537 844; x_wconf 83' lang='lat' dir='ltr'>trecentesimo</span> <span class='ocrx_word' id='word_1_149' title='bbox 556 815 767 849; x_wconf 78' lang='lat' dir='ltr'>quadragesimo</span> <span class='ocrx_word' id='word_1_150' title='bbox 786 817 871 841; x_wconf 78' lang='lat' dir='ltr'>sexto.</span> 
     </span>
    </p>
   </div>
   <div class='ocr_carea' id='block_1_4' title="bbox 645 909 1688 955">
    <p class='ocr_par' dir='ltr' id='par_1_5' title="bbox 645 909 1688 955">
     <span class='ocr_line' id='line_1_14' title="bbox 645 909 1688 955; baseline -0.005 -7"><span class='ocrx_word' id='word_1_151' title='bbox 645 914 705 949; x_wconf 77' lang='lat'>65.</span> <span class='ocrx_word' id='word_1_152' title='bbox 748 914 926 947; x_wconf 66' lang='lat' dir='ltr'>Decretum</span> <span class='ocrx_word' id='word_1_153' title='bbox 954 911 1202 955; x_wconf 64' lang='lat' dir='ltr'>‹c›·‹·lziepise‹›pi</span> <span class='ocrx_word' id='word_1_154' title='bbox 1230 909 1442 952; x_wconf 62' lang='lat' dir='ltr'>sslasszmtitli.</span> <span class='ocrx_word' id='word_1_155' title='bbox 1471 929 1521 933; x_wconf 82' lang='lat'>—</span> <span class='ocrx_word' id='word_1_156' title='bbox 1548 909 1614 944; x_wconf 65' lang='lat' dir='ltr'>led.</span> <span class='ocrx_word' id='word_1_157' title='bbox 1635 911 1688 944; x_wconf 87' lang='lat'>11.</span> 
     </span>
    </p>
   </div>
   <div class='ocr_carea' id='block_1_5' title="bbox 352 983 1989 1078">
    <p class='ocr_par' dir='ltr' id='par_1_6' title="bbox 352 983 1989 1078">
     <span class='ocr_line' id='line_1_15' title="bbox 452 983 1989 1028; baseline -0.003 -9"><span class='ocrx_word' id='word_1_158' title='bbox 452 987 643 1028; x_wconf 72' lang='lat' dir='ltr'>Apoqraplm</span> <span class='ocrx_word' id='word_1_159' title='bbox 668 986 728 1017; x_wconf 86' lang='lat' dir='ltr'>Ox.</span> <span class='ocrx_word' id='word_1_160' title='bbox 756 987 788 1017; x_wconf 77' lang='lat' dir='ltr'>in</span> <span class='ocrx_word' id='word_1_161' title='bbox 819 987 881 1017; x_wconf 79' lang='lat' dir='ltr'>cod.</span> <span class='ocrx_word' id='word_1_162' title='bbox 910 986 1058 1017; x_wconf 64' lang='lat' dir='ltr'>Oxomsscn.</span> <span class='ocrx_word' id='word_1_163' title='bbox 1084 985 1175 1016; x_wconf 66' lang='lat' dir='ltr'>Bfflll.</span> <span class='ocrx_word' id='word_1_164' title='bbox 1204 985 1323 1016; x_wconf 48' lang='lat' dir='ltr'>(lanon.</span> <span class='ocrx_word' id='word_1_165' title='bbox 1350 985 1444 1015; x_wconf 74' lang='lat' dir='ltr'>Misc.</span> <span class='ocrx_word' id='word_1_166' title='bbox 1463 985 1525 1015; x_wconf 83' lang='lat'>509</span> <span class='ocrx_word' id='word_1_167' title='bbox 1548 984 1606 1025; x_wconf 80' lang='lat' dir='ltr'>fol.</span> <span class='ocrx_word' id='word_1_168' title='bbox 1625 985 1664 1015; x_wconf 79' lang='lat'>15</span> <span class='ocrx_word' id='word_1_169' title='bbox 1697 987 1725 1015; x_wconf 72' lang='lat' dir='ltr'>et</span> <span class='ocrx_word' id='word_1_170' title='bbox 1748 984 1777 1015; x_wconf 88' lang='lat' dir='ltr'><strong>V</strong></span> <span class='ocrx_word' id='word_1_171' title='bbox 1801 984 1835 1015; x_wconf 74' lang='lat' dir='ltr'>in</span> <span class='ocrx_word' id='word_1_172' title='bbox 1863 983 1989 1014; x_wconf 76' lang='lat' dir='ltr'>archivo</span> 
     </span>
     <span class='ocr_line' id='line_1_16' title="bbox 352 1036 1653 1078; baseline -0.004 -7"><span class='ocrx_word' id='word_1_173' title='bbox 352 1040 502 1072; x_wconf 69' lang='lat' dir='ltr'>Vaticano</span> <span class='ocrx_word' id='word_1_174' title='bbox 525 1050 603 1070; x_wconf 78' lang='lat' dir='ltr'>arm.</span> <span class='ocrx_word' id='word_1_175' title='bbox 623 1038 765 1069; x_wconf 79' lang='lat' dir='ltr'><strong><em>XXXV</em></strong></span> <span class='ocrx_word' id='word_1_176' title='bbox 783 1041 802 1068; x_wconf 69' lang='lat' dir='ltr'>t.</span> <span class='ocrx_word' id='word_1_177' title='bbox 823 1038 884 1068; x_wconf 65' lang='lat'>13&amp;</span> <span class='ocrx_word' id='word_1_178' title='bbox 903 1037 960 1078; x_wconf 79' lang='lat' dir='ltr'>fol.</span> <span class='ocrx_word' id='word_1_179' title='bbox 978 1040 1027 1068; x_wconf 60' lang='lat'>23.</span> <span class='ocrx_word' id='word_1_180' title='bbox 1078 1036 1216 1068; x_wconf 47' lang='lat' dir='ltr'>‹j&#39;tmtnlit</span> <span class='ocrx_word' id='word_1_181' title='bbox 1239 1037 1278 1068; x_wconf 90' lang='lat' dir='ltr'>F.</span> <span class='ocrx_word' id='word_1_182' title='bbox 1296 1037 1394 1067; x_wconf 61' lang='lat' dir='ltr'>Korn.</span> <span class='ocrx_word' id='word_1_183' title='bbox 1419 1055 1459 1058; x_wconf 87' lang='lat'>-—</span> <span class='ocrx_word' id='word_1_184' title='bbox 1484 1036 1653 1067; x_wconf 71' lang='lat' dir='ltr'>Incditmn.</span> 
     </span>
    </p>
   </div>
   <div class='ocr_carea' id='block_1_6' title="bbox 452 1097 1104 1139">
    <p class='ocr_par' dir='ltr' id='par_1_7' title="bbox 452 1097 1104 1139">
     <span class='ocr_line' id='line_1_17' title="bbox 452 1097 1104 1139; baseline -0.005 -9"><span class='ocrx_word' id='word_1_185' title='bbox 452 1100 525 1139; x_wconf 72' lang='lat' dir='ltr'>Rey.</span> <span class='ocrx_word' id='word_1_186' title='bbox 550 1100 622 1139; x_wconf 76' lang='lat' dir='ltr'>imp.</span> <span class='ocrx_word' id='word_1_187' title='bbox 650 1098 738 1129; x_wconf 76' lang='lat' dir='ltr'><em>VIII</em></span> <span class='ocrx_word' id='word_1_188' title='bbox 759 1097 987 1128; x_wconf 66' lang='lat' dir='ltr'>Reichssarhen</span> <span class='ocrx_word' id='word_1_189' title='bbox 1011 1108 1057 1127; x_wconf 73' lang='lat' dir='ltr'>nr.</span> <span class='ocrx_word' id='word_1_190' title='bbox 1077 1099 1104 1127; x_wconf 84' lang='lat'>6.</span> 
     </span>
    </p>
   </div>
   <div class='ocr_carea' id='block_1_7' title="bbox 456 1156 1757 1200">
    <p class='ocr_par' dir='ltr' id='par_1_8' title="bbox 456 1156 1757 1200">
     <span class='ocr_line' id='line_1_18' title="bbox 456 1156 1757 1200; baseline -0.003 -10"><span class='ocrx_word' id='word_1_191' title='bbox 456 1161 541 1200; x_wconf 72' lang='lat' dir='ltr'>Quae</span> <span class='ocrx_word' id='word_1_192' title='bbox 564 1170 634 1190; x_wconf 78' lang='lat' dir='ltr'>cum</span> <span class='ocrx_word' id='word_1_193' title='bbox 658 1159 683 1189; x_wconf 89' lang='lat' dir='ltr'>T</span> <span class='ocrx_word' id='word_1_194' title='bbox 709 1161 766 1188; x_wconf 73' lang='lat' dir='ltr'>aut</span> <span class='ocrx_word' id='word_1_195' title='bbox 789 1159 816 1188; x_wconf 87' lang='lat' dir='ltr'>B</span> <span class='ocrx_word' id='word_1_196' title='bbox 840 1158 1036 1189; x_wconf 71' lang='lat' dir='ltr'>concordant,</span> <span class='ocrx_word' id='word_1_197' title='bbox 1063 1158 1145 1197; x_wconf 71' lang='lat' dir='ltr'>lypis</span> <span class='ocrx_word' id='word_1_198' title='bbox 1168 1157 1342 1187; x_wconf 73' lang='lat' dir='ltr'>minoribus</span> <span class='ocrx_word' id='word_1_199' title='bbox 1365 1156 1544 1187; x_wconf 60' lang='lat' dir='ltr'>excudenda</span> <span class='ocrx_word' id='word_1_200' title='bbox 1568 1157 1757 1187; x_wconf 77' lang='lat' dir='ltr'>curavimus.</span> 
     </span>
    </p>
   </div>
   <div class='ocr_carea' id='block_1_8' title="bbox 345 1241 1991 1849">
    <p class='ocr_par' dir='ltr' id='par_1_9' title="bbox 345 1241 1991 1433">
     <span class='ocr_line' id='line_1_19' title="bbox 448 1241 1991 1277; baseline -0.003 -5"><span class='ocrx_word' id='word_1_201' title='bbox 448 1245 628 1272; x_wconf 83' lang='lat' dir='ltr'>Sanctissimo</span> <span class='ocrx_word' id='word_1_202' title='bbox 652 1244 679 1269; x_wconf 90' lang='lat' dir='ltr'>in</span> <span class='ocrx_word' id='word_1_203' title='bbox 703 1243 813 1269; x_wconf 80' lang='lat' dir='ltr'>Christo</span> <span class='ocrx_word' id='word_1_204' title='bbox 837 1243 911 1277; x_wconf 85' lang='lat' dir='ltr'>patri</span> <span class='ocrx_word' id='word_1_205' title='bbox 938 1252 969 1269; x_wconf 79' lang='lat' dir='ltr'>ac</span> <span class='ocrx_word' id='word_1_206' title='bbox 997 1243 1106 1269; x_wconf 87' lang='lat' dir='ltr'>domino</span> <span class='ocrx_word' id='word_1_207' title='bbox 1130 1251 1178 1267; x_wconf 85' lang='lat' dir='ltr'>suo</span> <span class='ocrx_word' id='word_1_208' title='bbox 1202 1241 1312 1268; x_wconf 84' lang='lat' dir='ltr'>domino</span> <span class='ocrx_word' id='word_1_209' title='bbox 1333 1242 1469 1268; x_wconf 81' lang='lat' dir='ltr'>Clementi</span> <span class='ocrx_word' id='word_1_210' title='bbox 1495 1242 1590 1267; x_wconf 84' lang='lat' dir='ltr'>divina</span> <span class='ocrx_word' id='word_1_211' title='bbox 1613 1241 1792 1276; x_wconf 83' lang='lat' dir='ltr'>providencia</span> <span class='ocrx_word' id='word_1_212' title='bbox 1815 1243 1991 1268; x_wconf 79' lang='lat' dir='ltr'>sacrosancte</span> 
     </span>
     <span class='ocr_line' id='line_1_20' title="bbox 346 1289 1990 1331; baseline -0.004 -5"><span class='ocrx_word' id='word_1_213' title='bbox 346 1300 468 1326; x_wconf 79' lang='lat' dir='ltr'>Romane</span> <span class='ocrx_word' id='word_1_214' title='bbox 498 1307 530 1324; x_wconf 83' lang='lat' dir='ltr'>ac</span> <span class='ocrx_word' id='word_1_215' title='bbox 560 1297 726 1323; x_wconf 81' lang='lat' dir='ltr'>universalis</span> <span class='ocrx_word' id='word_1_216' title='bbox 759 1296 873 1322; x_wconf 78' lang='lat' dir='ltr'>ecclesie</span> <span class='ocrx_word' id='word_1_217' title='bbox 907 1304 1013 1321; x_wconf 86' lang='lat' dir='ltr'>summo</span> <span class='ocrx_word' id='word_1_218' title='bbox 1044 1295 1170 1329; x_wconf 82' lang='lat' dir='ltr'>pontifici</span> <span class='ocrx_word' id='word_1_219' title='bbox 1209 1289 1363 1320; x_wconf 72' lang='lat' dir='ltr'>Gerlacus</span> <span class='ocrx_word' id='word_1_220' title='bbox 1397 1290 1459 1320; x_wconf 81' lang='lat' dir='ltr'>Dei</span> <span class='ocrx_word' id='word_1_221' title='bbox 1494 1294 1525 1320; x_wconf 75' lang='lat' dir='ltr'>et</span> <span class='ocrx_word' id='word_1_222' title='bbox 1559 1290 1733 1331; x_wconf 81' lang='lat' dir='ltr'>apostolice</span> <span class='ocrx_word' id='word_1_223' title='bbox 1768 1289 1852 1321; x_wconf 80' lang='lat' dir='ltr'>Sedis</span> <span class='ocrx_word' id='word_1_224' title='bbox 1887 1291 1990 1331; x_wconf 81' lang='lat' dir='ltr'>gratia</span> 
     </span>
     <span class='ocr_line' id='line_1_21' title="bbox 345 1341 1990 1388; baseline -0.003 -11"><span class='ocrx_word' id='word_1_225' title='bbox 345 1347 548 1388; x_wconf 79' lang='lat' dir='ltr'>Maguntinus</span> <span class='ocrx_word' id='word_1_226' title='bbox 571 1344 838 1384; x_wconf 69' lang='lat' dir='ltr'>archiepiscopus,</span> <span class='ocrx_word' id='word_1_227' title='bbox 865 1343 945 1373; x_wconf 77' lang='lat' dir='ltr'>sacri</span> <span class='ocrx_word' id='word_1_228' title='bbox 962 1343 1086 1383; x_wconf 80' lang='lat' dir='ltr'>imperii</span> <span class='ocrx_word' id='word_1_229' title='bbox 1104 1353 1161 1383; x_wconf 85' lang='lat' dir='ltr'>per</span> <span class='ocrx_word' id='word_1_230' title='bbox 1174 1342 1379 1372; x_wconf 73' lang='lat' dir='ltr'>Germaniam</span> <span class='ocrx_word' id='word_1_231' title='bbox 1398 1341 1706 1379; x_wconf 70' lang='lat' dir='ltr'>archicancellarius,</span> <span class='ocrx_word' id='word_1_232' title='bbox 1780 1356 1841 1373; x_wconf 90' lang='lat' dir='ltr'>cum</span> <span class='ocrx_word' id='word_1_233' title='bbox 1858 1348 1990 1381; x_wconf 78' lang='lat' dir='ltr'>prompta</span> 
     </span>
     <span class='ocr_line' id='line_1_22' title="bbox 346 1397 1029 1433; baseline -0.007 -6"><span class='ocrx_word' id='word_1_234' title='bbox 346 1401 503 1428; x_wconf 82' lang='lat' dir='ltr'>reverencia</span> <span class='ocrx_word' id='word_1_235' title='bbox 523 1400 624 1426; x_wconf 84' lang='lat' dir='ltr'>devota</span> <span class='ocrx_word' id='word_1_236' title='bbox 643 1399 744 1433; x_wconf 83' lang='lat' dir='ltr'>pedum</span> <span class='ocrx_word' id='word_1_237' title='bbox 764 1398 857 1424; x_wconf 88' lang='lat' dir='ltr'>oscula</span> <span class='ocrx_word' id='word_1_238' title='bbox 876 1397 1029 1424; x_wconf 72' lang='lat' dir='ltr'>beatorum</span> 
     </span>
    </p>

    <p class='ocr_par' dir='ltr' id='par_1_10' title="bbox 346 1448 1991 1849">
     <span class='ocr_line' id='line_1_23' title="bbox 449 1448 1990 1484; baseline -0.002 -7"><span class='ocrx_word' id='word_1_239' title='bbox 449 1451 626 1478; x_wconf 78' lang='lat' dir='ltr'>Sanctissime</span> <span class='ocrx_word' id='word_1_240' title='bbox 646 1452 733 1484; x_wconf 82' lang='lat' dir='ltr'>pater.</span> <span class='ocrx_word' id='word_1_241' title='bbox 771 1449 850 1479; x_wconf 69' lang='lat' dir='ltr'>Cumv</span> <span class='ocrx_word' id='word_1_242' title='bbox 879 1452 964 1483; x_wconf 87' lang='lat' dir='ltr'>prout</span> <span class='ocrx_word' id='word_1_243' title='bbox 996 1451 1084 1475; x_wconf 77' lang='lat' dir='ltr'>vestre</span> <span class='ocrx_word' id='word_1_244' title='bbox 1115 1449 1260 1475; x_wconf 81' lang='lat' dir='ltr'>sanctitati</span> <span class='ocrx_word' id='word_1_245' title='bbox 1289 1458 1342 1475; x_wconf 91' lang='lat' dir='ltr'>non</span> <span class='ocrx_word' id='word_1_246' title='bbox 1371 1451 1412 1475; x_wconf 87' lang='lat' dir='ltr'>est</span> <span class='ocrx_word' id='word_1_247' title='bbox 1438 1449 1622 1483; x_wconf 76' lang='lat' dir='ltr'>incognitum,</span> <span class='ocrx_word' id='word_1_248' title='bbox 1647 1448 1755 1483; x_wconf 83' lang='lat' dir='ltr'>prolixa</span> <span class='ocrx_word' id='word_1_249' title='bbox 1779 1448 1850 1475; x_wconf 84' lang='lat' dir='ltr'>sacri</span> <span class='ocrx_word' id='word_1_250' title='bbox 1874 1448 1990 1475; x_wconf 82' lang='lat' dir='ltr'>Romani</span> 
     </span>
     <span class='ocr_line' id='line_1_24' title="bbox 346 1500 1991 1539; baseline -0.003 -8"><span class='ocrx_word' id='word_1_251' title='bbox 346 1504 470 1539; x_wconf 65' lang='lat' dir='ltr'>imperii,</span> <span class='ocrx_word' id='word_1_252' title='bbox 495 1503 567 1537; x_wconf 80' lang='lat' dir='ltr'>quod</span> <span class='ocrx_word' id='word_1_253' title='bbox 594 1512 676 1528; x_wconf 87' lang='lat' dir='ltr'>unum</span> <span class='ocrx_word' id='word_1_254' title='bbox 702 1502 733 1528; x_wconf 85' lang='lat' dir='ltr'>de</span> <span class='ocrx_word' id='word_1_255' title='bbox 753 1501 803 1527; x_wconf 84' lang='lat' dir='ltr'>Dei</span> <span class='ocrx_word' id='word_1_256' title='bbox 824 1501 900 1527; x_wconf 85' lang='lat' dir='ltr'>donis</span> <span class='ocrx_word' id='word_1_257' title='bbox 920 1501 1058 1531; x_wconf 70' lang='lat' dir='ltr'>maximis,</span> <span class='ocrx_word' id='word_1_258' title='bbox 1078 1501 1178 1534; x_wconf 82' lang='lat' dir='ltr'>quibus</span> <span class='ocrx_word' id='word_1_259' title='bbox 1197 1500 1242 1526; x_wconf 83' lang='lat' dir='ltr'>hic</span> <span class='ocrx_word' id='word_1_260' title='bbox 1262 1501 1379 1526; x_wconf 87' lang='lat' dir='ltr'>mundus</span> <span class='ocrx_word' id='word_1_261' title='bbox 1399 1500 1593 1534; x_wconf 82' lang='lat' dir='ltr'>principaliter</span> <span class='ocrx_word' id='word_1_262' title='bbox 1612 1501 1729 1535; x_wconf 78' lang='lat' dir='ltr'>regitur,</span> <span class='ocrx_word' id='word_1_263' title='bbox 1750 1509 1807 1527; x_wconf 85' lang='lat' dir='ltr'>esse</span> <span class='ocrx_word' id='word_1_264' title='bbox 1827 1501 1991 1529; x_wconf 77' lang='lat' dir='ltr'>dinoscitur,</span> 
     </span>
     <span class='ocr_line' id='line_1_25' title="bbox 347 1551 1988 1588; baseline -0.001 -10"><span class='ocrx_word' id='word_1_265' title='bbox 347 1556 459 1582; x_wconf 63' lang='lat' dir='ltr'>vacacio</span> <span class='ocrx_word' id='word_1_266' title='bbox 479 1555 532 1588; x_wconf 68' lang='lat' dir='ltr'>ipsi</span> <span class='ocrx_word' id='word_1_267' title='bbox 551 1553 674 1588; x_wconf 67' lang='lat' dir='ltr'>imperio,</span> <span class='ocrx_word' id='word_1_268' title='bbox 695 1553 757 1579; x_wconf 88' lang='lat' dir='ltr'>fidei</span> <span class='ocrx_word' id='word_1_269' title='bbox 776 1561 885 1586; x_wconf 80' lang='lat' dir='ltr'>quoque</span> <span class='ocrx_word' id='word_1_270' title='bbox 905 1552 1043 1579; x_wconf 82' lang='lat' dir='ltr'>catholice</span> <span class='ocrx_word' id='word_1_271' title='bbox 1068 1555 1096 1578; x_wconf 87' lang='lat' dir='ltr'>et</span> <span class='ocrx_word' id='word_1_272' title='bbox 1121 1552 1174 1579; x_wconf 87' lang='lat' dir='ltr'>toti</span> <span class='ocrx_word' id='word_1_273' title='bbox 1193 1552 1361 1586; x_wconf 83' lang='lat' dir='ltr'>reipublice.</span> <span class='ocrx_word' id='word_1_274' title='bbox 1382 1554 1464 1586; x_wconf 88' lang='lat' dir='ltr'>prout</span> <span class='ocrx_word' id='word_1_275' title='bbox 1482 1552 1533 1578; x_wconf 87' lang='lat' dir='ltr'>hec</span> <span class='ocrx_word' id='word_1_276' title='bbox 1553 1551 1707 1578; x_wconf 82' lang='lat' dir='ltr'>destruccio</span> <span class='ocrx_word' id='word_1_277' title='bbox 1727 1552 1859 1578; x_wconf 89' lang='lat' dir='ltr'>bonorum</span> <span class='ocrx_word' id='word_1_278' title='bbox 1879 1551 1988 1585; x_wconf 86' lang='lat' dir='ltr'>imperi-</span> 
     </span>
     <span class='ocr_line' id='line_1_26' title="bbox 346 1603 1989 1638; baseline -0.003 -4"><span class='ocrx_word' id='word_1_279' title='bbox 346 1609 445 1635; x_wconf 77' lang='lat' dir='ltr'>alium.</span> <span class='ocrx_word' id='word_1_280' title='bbox 466 1606 632 1633; x_wconf 77' lang='lat' dir='ltr'>desormacio</span> <span class='ocrx_word' id='word_1_281' title='bbox 656 1605 775 1631; x_wconf 84' lang='lat' dir='ltr'>menium</span> <span class='ocrx_word' id='word_1_282' title='bbox 796 1608 824 1631; x_wconf 87' lang='lat' dir='ltr'>et</span> <span class='ocrx_word' id='word_1_283' title='bbox 843 1605 969 1631; x_wconf 86' lang='lat' dir='ltr'>indebita</span> <span class='ocrx_word' id='word_1_284' title='bbox 989 1605 1137 1631; x_wconf 79' lang='lat' dir='ltr'>distraecio</span> <span class='ocrx_word' id='word_1_285' title='bbox 1163 1608 1191 1631; x_wconf 87' lang='lat' dir='ltr'>et</span> <span class='ocrx_word' id='word_1_286' title='bbox 1210 1605 1357 1638; x_wconf 79' lang='lat' dir='ltr'>usurpacio</span> <span class='ocrx_word' id='word_1_287' title='bbox 1377 1604 1572 1635; x_wconf 83' lang='lat' dir='ltr'>dominiorum,</span> <span class='ocrx_word' id='word_1_288' title='bbox 1598 1603 1745 1630; x_wconf 83' lang='lat' dir='ltr'>civitatum</span> <span class='ocrx_word' id='word_1_289' title='bbox 1765 1606 1793 1630; x_wconf 83' lang='lat' dir='ltr'>et</span> <span class='ocrx_word' id='word_1_290' title='bbox 1813 1603 1941 1630; x_wconf 85' lang='lat' dir='ltr'>villarum</span> <span class='ocrx_word' id='word_1_291' title='bbox 1962 1603 1989 1629; x_wconf 90' lang='lat' dir='ltr'>in</span> 
     </span>
     <span class='ocr_line' id='line_1_27' title="bbox 346 1655 1989 1691; baseline -0.003 -5"><span class='ocrx_word' id='word_1_292' title='bbox 346 1659 462 1686; x_wconf 74' lang='lat' dir='ltr'>diversis</span> <span class='ocrx_word' id='word_1_293' title='bbox 482 1658 575 1684; x_wconf 89' lang='lat' dir='ltr'>mundi</span> <span class='ocrx_word' id='word_1_294' title='bbox 595 1657 722 1691; x_wconf 81' lang='lat' dir='ltr'>partibus</span> <span class='ocrx_word' id='word_1_295' title='bbox 742 1657 802 1683; x_wconf 89' lang='lat' dir='ltr'>luce</span> <span class='ocrx_word' id='word_1_296' title='bbox 821 1657 922 1683; x_wconf 83' lang='lat' dir='ltr'>clarius</span> <span class='ocrx_word' id='word_1_297' title='bbox 941 1657 1130 1684; x_wconf 69' lang='lat' dir='ltr'>manifestant.</span> <span class='ocrx_word' id='word_1_298' title='bbox 1151 1656 1328 1690; x_wconf 84' lang='lat' dir='ltr'>dispendiosa</span> <span class='ocrx_word' id='word_1_299' title='bbox 1347 1655 1471 1690; x_wconf 87' lang='lat' dir='ltr'>pericula</span> <span class='ocrx_word' id='word_1_300' title='bbox 1490 1658 1518 1682; x_wconf 89' lang='lat' dir='ltr'>et</span> <span class='ocrx_word' id='word_1_301' title='bbox 1538 1655 1708 1690; x_wconf 84' lang='lat' dir='ltr'>multiplicia</span> <span class='ocrx_word' id='word_1_302' title='bbox 1721 1656 1898 1682; x_wconf 87' lang='lat' dir='ltr'>incommoda</span> <span class='ocrx_word' id='word_1_303' title='bbox 1916 1655 1989 1681; x_wconf 86' lang='lat' dir='ltr'>intu-</span> 
     </span>
     <span class='ocr_line' id='line_1_28' title="bbox 348 1706 1990 1742; baseline -0.003 -5"><span class='ocrx_word' id='word_1_304' title='bbox 348 1712 410 1738; x_wconf 89' lang='lat' dir='ltr'>lisse</span> <span class='ocrx_word' id='word_1_305' title='bbox 430 1713 558 1737; x_wconf 81' lang='lat' dir='ltr'>noscatur</span> <span class='ocrx_word' id='word_1_306' title='bbox 583 1711 611 1735; x_wconf 87' lang='lat' dir='ltr'>et</span> <span class='ocrx_word' id='word_1_307' title='bbox 631 1709 845 1735; x_wconf 77' lang='lat' dir='ltr'>coniecturando</span> <span class='ocrx_word' id='word_1_308' title='bbox 866 1708 1054 1735; x_wconf 83' lang='lat' dir='ltr'>verisimiliter</span> <span class='ocrx_word' id='word_1_309' title='bbox 1078 1718 1109 1734; x_wconf 86' lang='lat' dir='ltr'>ex</span> <span class='ocrx_word' id='word_1_310' title='bbox 1131 1708 1272 1742; x_wconf 79' lang='lat' dir='ltr'>preteritis</span> <span class='ocrx_word' id='word_1_311' title='bbox 1299 1708 1334 1734; x_wconf 88' lang='lat' dir='ltr'>ad</span> <span class='ocrx_word' id='word_1_312' title='bbox 1354 1708 1448 1734; x_wconf 86' lang='lat' dir='ltr'>futura</span> <span class='ocrx_word' id='word_1_313' title='bbox 1467 1707 1643 1734; x_wconf 81' lang='lat' dir='ltr'>turbaeiones</span> <span class='ocrx_word' id='word_1_314' title='bbox 1667 1708 1797 1738; x_wconf 87' lang='lat' dir='ltr'>maiores,</span> <span class='ocrx_word' id='word_1_315' title='bbox 1818 1706 1990 1736; x_wconf 76' lang='lat' dir='ltr'>exterminia,</span> 
     </span>
     <span class='ocr_line' id='line_1_29' title="bbox 348 1759 1991 1795; baseline -0.004 -6"><span class='ocrx_word' id='word_1_316' title='bbox 348 1763 481 1790; x_wconf 82' lang='lat' dir='ltr'>scandala</span> <span class='ocrx_word' id='word_1_317' title='bbox 508 1764 535 1788; x_wconf 88' lang='lat' dir='ltr'>et</span> <span class='ocrx_word' id='word_1_318' title='bbox 562 1761 686 1795; x_wconf 85' lang='lat' dir='ltr'>pericula</span> <span class='ocrx_word' id='word_1_319' title='bbox 714 1760 878 1794; x_wconf 79' lang='lat' dir='ltr'>gravissima</span> <span class='ocrx_word' id='word_1_320' title='bbox 903 1760 1026 1794; x_wconf 82' lang='lat' dir='ltr'>ingerere</span> <span class='ocrx_word' id='word_1_321' title='bbox 1053 1769 1105 1786; x_wconf 87' lang='lat' dir='ltr'>non</span> <span class='ocrx_word' id='word_1_322' title='bbox 1131 1760 1234 1793; x_wconf 78' lang='lat' dir='ltr'>absque</span> <span class='ocrx_word' id='word_1_323' title='bbox 1258 1761 1368 1786; x_wconf 77' lang='lat' dir='ltr'>racione</span> <span class='ocrx_word' id='word_1_324' title='bbox 1393 1760 1629 1786; x_wconf 83' lang='lat' dir='ltr'>considerancinm</span> <span class='ocrx_word' id='word_1_325' title='bbox 1654 1759 1750 1792; x_wconf 84' lang='lat' dir='ltr'>utique</span> <span class='ocrx_word' id='word_1_326' title='bbox 1769 1759 1943 1789; x_wconf 75' lang='lat' dir='ltr'>formidetur,</span> <span class='ocrx_word' id='word_1_327' title='bbox 1963 1762 1991 1786; x_wconf 83' lang='lat' dir='ltr'>et</span> 
     </span>
     <span class='ocr_line' id='line_1_30' title="bbox 347 1809 1991 1849; baseline -0.002 -8"><span class='ocrx_word' id='word_1_328' title='bbox 347 1817 462 1849; x_wconf 87' lang='lat' dir='ltr'>propter</span> <span class='ocrx_word' id='word_1_329' title='bbox 481 1815 532 1840; x_wconf 92' lang='lat' dir='ltr'>hoc</span> <span class='ocrx_word' id='word_1_330' title='bbox 553 1813 726 1847; x_wconf 79' lang='lat' dir='ltr'>principibus</span> <span class='ocrx_word' id='word_1_331' title='bbox 745 1813 815 1838; x_wconf 85' lang='lat' dir='ltr'>sacri</span> <span class='ocrx_word' id='word_1_332' title='bbox 835 1812 944 1846; x_wconf 83' lang='lat' dir='ltr'>imperii</span> <span class='ocrx_word' id='word_1_333' title='bbox 965 1812 1139 1842; x_wconf 71' lang='lat' dir='ltr'>electoribus,</span> <span class='ocrx_word' id='word_1_334' title='bbox 1157 1809 1192 1837; x_wconf 84' lang='lat' dir='ltr'>&#39;de</span> <span class='ocrx_word' id='word_1_335' title='bbox 1214 1820 1327 1844; x_wconf 79' lang='lat' dir='ltr'>quorum</span> <span class='ocrx_word' id='word_1_336' title='bbox 1348 1821 1460 1838; x_wconf 88' lang='lat' dir='ltr'>numero</span> <span class='ocrx_word' id='word_1_337' title='bbox 1474 1821 1543 1837; x_wconf 86' lang='lat' dir='ltr'>unus</span> <span class='ocrx_word' id='word_1_338' title='bbox 1557 1820 1614 1838; x_wconf 78' lang='lat' dir='ltr'>esse</span> <span class='ocrx_word' id='word_1_339' title='bbox 1628 1811 1761 1842; x_wconf 83' lang='lat' dir='ltr'>dinoscor,</span> <span class='ocrx_word' id='word_1_340' title='bbox 1782 1811 1837 1837; x_wconf 74' lang='lat' dir='ltr'>ada</span> <span class='ocrx_word' id='word_1_341' title='bbox 1856 1811 1991 1845; x_wconf 85' lang='lat' dir='ltr'>prctactis</span> 
     </span>
    </p>
   </div>
   <div class='ocr_carea' id='block_1_9' title="bbox 347 1863 1991 1901">
    <p class='ocr_par' dir='ltr' id='par_1_11' title="bbox 347 1863 1991 1901">
     <span class='ocr_line' id='line_1_31' title="bbox 347 1863 1991 1901; baseline -0.003 -8"><span class='ocrx_word' id='word_1_342' title='bbox 347 1867 490 1901; x_wconf 78' lang='lat' dir='ltr'>periculis,</span> <span class='ocrx_word' id='word_1_343' title='bbox 510 1867 592 1899; x_wconf 88' lang='lat' dir='ltr'>prout</span> <span class='ocrx_word' id='word_1_344' title='bbox 612 1867 682 1891; x_wconf 72' lang='lat' dir='ltr'>foret</span> <span class='ocrx_word' id='word_1_345' title='bbox 702 1864 847 1898; x_wconf 82' lang='lat' dir='ltr'>possibile,</span> <span class='ocrx_word' id='word_1_346' title='bbox 869 1864 1078 1893; x_wconf 72' lang='lat' dir='ltr'>occurrendumv</span> <span class='ocrx_word' id='word_1_347' title='bbox 1099 1864 1125 1889; x_wconf 84' lang='lat' dir='ltr'>in</span> <span class='ocrx_word' id='word_1_348' title='bbox 1147 1864 1276 1897; x_wconf 79' lang='lat' dir='ltr'>pomeriis</span> <span class='ocrx_word' id='word_1_349' title='bbox 1296 1863 1392 1889; x_wconf 80' lang='lat' dir='ltr'>subtus</span> <span class='ocrx_word' id='word_1_350' title='bbox 1413 1864 1500 1890; x_wconf 81' lang='lat' dir='ltr'>Rense</span> <span class='ocrx_word' id='word_1_351' title='bbox 1519 1873 1601 1898; x_wconf 87' lang='lat' dir='ltr'>super</span> <span class='ocrx_word' id='word_1_352' title='bbox 1618 1864 1685 1890; x_wconf 83' lang='lat' dir='ltr'>litus</span> <span class='ocrx_word' id='word_1_353' title='bbox 1700 1863 1776 1895; x_wconf 83' lang='lat' dir='ltr'>Reni,</span> <span class='ocrx_word' id='word_1_354' title='bbox 1791 1863 1838 1890; x_wconf 92' lang='lat' dir='ltr'>ubi</span> <span class='ocrx_word' id='word_1_355' title='bbox 1852 1863 1991 1897; x_wconf 86' lang='lat' dir='ltr'>principes</span> 
     </span>
    </p>
   </div>
   <div class='ocr_carea' id='block_1_10' title="bbox 304 1915 1990 1950">
    <p class='ocr_par' dir='ltr' id='par_1_12' title="bbox 304 1915 1990 1950">
     <span class='ocr_line' id='line_1_32' title="bbox 304 1915 1990 1950; baseline -0.003 -5"><span class='ocrx_word' id='word_1_356' title='bbox 304 1918 309 1924; x_wconf 83' lang='lat'><strong><em>‘</em></strong></span> <span class='ocrx_word' id='word_1_357' title='bbox 347 1920 480 1946; x_wconf 82' lang='lat' dir='ltr'>electores</span> <span class='ocrx_word' id='word_1_358' title='bbox 500 1917 567 1944; x_wconf 86' lang='lat' dir='ltr'>dicti</span> <span class='ocrx_word' id='word_1_359' title='bbox 588 1917 697 1950; x_wconf 82' lang='lat' dir='ltr'>imperii</span> <span class='ocrx_word' id='word_1_360' title='bbox 719 1925 767 1950; x_wconf 86' lang='lat' dir='ltr'>pro</span> <span class='ocrx_word' id='word_1_361' title='bbox 785 1916 907 1949; x_wconf 74' lang='lat' dir='ltr'>negociis</span> <span class='ocrx_word' id='word_1_362' title='bbox 926 1916 1049 1942; x_wconf 78' lang='lat' dir='ltr'>eiusdem</span> <span class='ocrx_word' id='word_1_363' title='bbox 1070 1916 1215 1942; x_wconf 82' lang='lat' dir='ltr'>convenire</span> <span class='ocrx_word' id='word_1_364' title='bbox 1235 1916 1305 1942; x_wconf 76' lang='lat' dir='ltr'>alias</span> <span class='ocrx_word' id='word_1_365' title='bbox 1326 1918 1538 1947; x_wconf 71' lang='lat' dir='ltr'>consueverunt‚</span> <span class='ocrx_word' id='word_1_366' title='bbox 1562 1915 1708 1942; x_wconf 84' lang='lat' dir='ltr'>undecima</span> <span class='ocrx_word' id='word_1_367' title='bbox 1731 1915 1775 1941; x_wconf 87' lang='lat' dir='ltr'>die</span> <span class='ocrx_word' id='word_1_368' title='bbox 1797 1915 1900 1942; x_wconf 80' lang='lat' dir='ltr'>mensis</span> <span class='ocrx_word' id='word_1_369' title='bbox 1920 1915 1990 1945; x_wconf 82' lang='lat' dir='ltr'>Iulii,</span> 
     </span>
    </p>
   </div>
   <div class='ocr_carea' id='block_1_11' title="bbox 347 1967 1993 2466">
    <p class='ocr_par' dir='ltr' id='par_1_13' title="bbox 347 1967 1993 2466">
     <span class='ocr_line' id='line_1_33' title="bbox 347 1967 1992 2001; baseline -0.003 -4"><span class='ocrx_word' id='word_1_370' title='bbox 347 1969 504 1997; x_wconf 81' lang='lat' dir='ltr'>reverendis</span> <span class='ocrx_word' id='word_1_371' title='bbox 533 1969 664 1995; x_wconf 85' lang='lat' dir='ltr'>videlicet</span> <span class='ocrx_word' id='word_1_372' title='bbox 690 1969 717 1994; x_wconf 92' lang='lat' dir='ltr'>in</span> <span class='ocrx_word' id='word_1_373' title='bbox 747 1968 856 1994; x_wconf 75' lang='lat' dir='ltr'>Christo</span> <span class='ocrx_word' id='word_1_374' title='bbox 886 1967 1012 2001; x_wconf 78' lang='lat' dir='ltr'>patribus</span> <span class='ocrx_word' id='word_1_375' title='bbox 1040 1968 1157 1993; x_wconf 84' lang='lat' dir='ltr'>dominis</span> <span class='ocrx_word' id='word_1_376' title='bbox 1184 1967 1366 1994; x_wconf 79' lang='lat' dir='ltr'>Baldewinob</span> <span class='ocrx_word' id='word_1_377' title='bbox 1395 1968 1578 2000; x_wconf 83' lang='lat' dir='ltr'>Trevei·(ensi)</span> <span class='ocrx_word' id='word_1_378' title='bbox 1606 1970 1651 1994; x_wconf 86' lang='lat' dir='ltr'>etc</span> <span class='ocrx_word' id='word_1_379' title='bbox 1671 1967 1812 1993; x_wconf 84' lang='lat' dir='ltr'>Walramo</span> <span class='ocrx_word' id='word_1_380' title='bbox 1837 1967 1992 1994; x_wconf 87' lang='lat' dir='ltr'>Coloniensi</span> 
     </span>
     <span class='ocr_line' id='line_1_34' title="bbox 348 2019 1990 2055; baseline -0.002 -7"><span class='ocrx_word' id='word_1_381' title='bbox 348 2021 563 2055; x_wconf 76' lang='lat' dir='ltr'>archiepiscopis</span> <span class='ocrx_word' id='word_1_382' title='bbox 583 2029 687 2047; x_wconf 85' lang='lat' dir='ltr'>necnon</span> <span class='ocrx_word' id='word_1_383' title='bbox 707 2020 863 2046; x_wconf 79' lang='lat' dir='ltr'>illustribus</span> <span class='ocrx_word' id='word_1_384' title='bbox 877 2020 1049 2053; x_wconf 79' lang='lat' dir='ltr'>principibus</span> <span class='ocrx_word' id='word_1_385' title='bbox 1063 2019 1180 2045; x_wconf 85' lang='lat' dir='ltr'>dominis</span> <span class='ocrx_word' id='word_1_386' title='bbox 1194 2019 1342 2053; x_wconf 82' lang='lat' dir='ltr'>Rudolpho</span> <span class='ocrx_word' id='word_1_387' title='bbox 1361 2020 1428 2046; x_wconf 86' lang='lat' dir='ltr'>duce</span> <span class='ocrx_word' id='word_1_388' title='bbox 1450 2019 1567 2046; x_wconf 78' lang='lat' dir='ltr'>Saxonie</span> <span class='ocrx_word' id='word_1_389' title='bbox 1581 2021 1610 2046; x_wconf 91' lang='lat' dir='ltr'>et</span> <span class='ocrx_word' id='word_1_390' title='bbox 1624 2019 1747 2046; x_wconf 84' lang='lat' dir='ltr'>Iohanne</span> <span class='ocrx_word' id='word_1_391' title='bbox 1766 2019 1849 2052; x_wconf 78' lang='lat' dir='ltr'>reged</span> <span class='ocrx_word' id='word_1_392' title='bbox 1862 2019 1990 2045; x_wconf 87' lang='lat' dir='ltr'>Boemie¹</span> 
     </span>
     <span class='ocr_line' id='line_1_35' title="bbox 348 2071 1991 2106; baseline -0.002 -7"><span class='ocrx_word' id='word_1_393' title='bbox 348 2078 376 2100; x_wconf 83' lang='lat' dir='ltr'>et</span> <span class='ocrx_word' id='word_1_394' title='bbox 395 2082 448 2103; x_wconf 68' lang='lat' dir='ltr'>nie,</span> <span class='ocrx_word' id='word_1_395' title='bbox 469 2073 543 2106; x_wconf 82' lang='lat' dir='ltr'>apud</span> <span class='ocrx_word' id='word_1_396' title='bbox 567 2082 635 2106; x_wconf 83' lang='lat' dir='ltr'>quos</span> <span class='ocrx_word' id='word_1_397' title='bbox 659 2074 747 2098; x_wconf 85' lang='lat' dir='ltr'>totuin</span> <span class='ocrx_word' id='word_1_398' title='bbox 772 2071 813 2097; x_wconf 89' lang='lat' dir='ltr'>ius</span> <span class='ocrx_word' id='word_1_399' title='bbox 833 2073 861 2097; x_wconf 86' lang='lat' dir='ltr'>et</span> <span class='ocrx_word' id='word_1_400' title='bbox 880 2073 1005 2104; x_wconf 66' lang='lat' dir='ltr'>potestas</span> <span class='ocrx_word' id='word_1_401' title='bbox 1025 2071 1145 2105; x_wconf 77' lang='lat' dir='ltr'>eligendi</span> <span class='ocrx_word' id='word_1_402' title='bbox 1166 2071 1376 2103; x_wconf 73' lang='lat' dir='ltr'>Roman(‹11rum)</span> <span class='ocrx_word' id='word_1_403' title='bbox 1395 2080 1487 2105; x_wconf 85' lang='lat' dir='ltr'>regem</span> <span class='ocrx_word' id='word_1_404' title='bbox 1513 2071 1540 2096; x_wconf 88' lang='lat' dir='ltr'>in</span> <span class='ocrx_word' id='word_1_405' title='bbox 1560 2071 1754 2105; x_wconf 81' lang='lat' dir='ltr'>imperatorem</span> <span class='ocrx_word' id='word_1_406' title='bbox 1773 2071 1991 2104; x_wconf 88' lang='lat' dir='ltr'>promovendum</span> 
     </span>
     <span class='ocr_line' id='line_1_36' title="bbox 349 2122 1989 2159; baseline -0.003 -7"><span class='ocrx_word' id='word_1_407' title='bbox 349 2125 523 2159; x_wconf 79' lang='lat' dir='ltr'>integraliter</span> <span class='ocrx_word' id='word_1_408' title='bbox 551 2124 702 2155; x_wconf 79' lang='lat' dir='ltr'>residebat,</span> <span class='ocrx_word' id='word_1_409' title='bbox 733 2123 962 2149; x_wconf 80' lang='lat' dir='ltr'>convenientibus</span> <span class='ocrx_word' id='word_1_410' title='bbox 991 2126 1018 2149; x_wconf 81' lang='lat' dir='ltr'>et</span> <span class='ocrx_word' id='word_1_411' title='bbox 1047 2123 1230 2156; x_wconf 81' lang='lat' dir='ltr'>personaliter</span> <span class='ocrx_word' id='word_1_412' title='bbox 1255 2123 1470 2149; x_wconf 71' lang='lat' dir='ltr'>consistentibus</span> <span class='ocrx_word' id='word_1_413' title='bbox 1496 2124 1524 2149; x_wconf 86' lang='lat' dir='ltr'>et</span> <span class='ocrx_word' id='word_1_414' title='bbox 1549 2122 1663 2156; x_wconf 89' lang='lat' dir='ltr'>provide</span> <span class='ocrx_word' id='word_1_415' title='bbox 1687 2122 1910 2153; x_wconf 80' lang='lat' dir='ltr'>attendentibus,</span> <span class='ocrx_word' id='word_1_416' title='bbox 1936 2130 1989 2148; x_wconf 88' lang='lat' dir='ltr'>non</span> 
     </span>
     <span class='ocr_line' id='line_1_37' title="bbox 349 2173 1990 2211; baseline -0.002 -8"><span class='ocrx_word' id='word_1_417' title='bbox 349 2186 427 2211; x_wconf 86' lang='lat' dir='ltr'>posse</span> <span class='ocrx_word' id='word_1_418' title='bbox 447 2175 658 2202; x_wconf 77' lang='lat' dir='ltr'>conveniencius</span> <span class='ocrx_word' id='word_1_419' title='bbox 677 2184 759 2208; x_wconf 74' lang='lat' dir='ltr'>quam</span> <span class='ocrx_word' id='word_1_420' title='bbox 779 2183 827 2207; x_wconf 82' lang='lat' dir='ltr'>per</span> <span class='ocrx_word' id='word_1_421' title='bbox 846 2174 1009 2200; x_wconf 81' lang='lat' dir='ltr'>electionem</span> <span class='ocrx_word' id='word_1_422' title='bbox 1030 2174 1114 2200; x_wconf 72' lang='lat' dir='ltr'>futuri</span> <span class='ocrx_word' id='word_1_423' title='bbox 1134 2175 1207 2208; x_wconf 83' lang='lat' dir='ltr'>regis</span> <span class='ocrx_word' id='word_1_424' title='bbox 1227 2175 1432 2207; x_wconf 66' lang='lat' dir='ltr'>Romantorum)</span> <span class='ocrx_word' id='word_1_425' title='bbox 1452 2175 1480 2200; x_wconf 91' lang='lat' dir='ltr'>in</span> <span class='ocrx_word' id='word_1_426' title='bbox 1500 2175 1694 2208; x_wconf 83' lang='lat' dir='ltr'>imperatorem</span> <span class='ocrx_word' id='word_1_427' title='bbox 1715 2173 1910 2208; x_wconf 68' lang='lat' dir='ltr'>promovendiss</span> <span class='ocrx_word' id='word_1_428' title='bbox 1930 2182 1990 2207; x_wconf 87' lang='lat' dir='ltr'>pre-</span> 
     </span>
     <span class='ocr_line' id='line_1_38' title="bbox 349 2223 1991 2261; baseline -0.002 -7"><span class='ocrx_word' id='word_1_429' title='bbox 349 2229 433 2255; x_wconf 83' lang='lat' dir='ltr'>tactis</span> <span class='ocrx_word' id='word_1_430' title='bbox 454 2227 584 2261; x_wconf 85' lang='lat' dir='ltr'>periculis</span> <span class='ocrx_word' id='word_1_431' title='bbox 603 2231 632 2254; x_wconf 86' lang='lat' dir='ltr'>et</span> <span class='ocrx_word' id='word_1_432' title='bbox 651 2226 861 2253; x_wconf 83' lang='lat' dir='ltr'>turbacionibus</span> <span class='ocrx_word' id='word_1_433' title='bbox 881 2226 996 2255; x_wconf 68' lang='lat' dir='ltr'>obviari,</span> <span class='ocrx_word' id='word_1_434' title='bbox 1017 2228 1045 2251; x_wconf 82' lang='lat' dir='ltr'>et</span> <span class='ocrx_word' id='word_1_435' title='bbox 1064 2226 1263 2259; x_wconf 57' lang='lat' dir='ltr'>sulgsequeuter</span> <span class='ocrx_word' id='word_1_436' title='bbox 1283 2236 1331 2260; x_wconf 84' lang='lat' dir='ltr'>per</span> <span class='ocrx_word' id='word_1_437' title='bbox 1350 2226 1439 2253; x_wconf 89' lang='lat' dir='ltr'>dictos</span> <span class='ocrx_word' id='word_1_438' title='bbox 1459 2227 1591 2253; x_wconf 86' lang='lat' dir='ltr'>electores</span> <span class='ocrx_word' id='word_1_439' title='bbox 1611 2228 1639 2253; x_wconf 91' lang='lat' dir='ltr'>et</span> <span class='ocrx_word' id='word_1_440' title='bbox 1658 2226 1727 2252; x_wconf 86' lang='lat' dir='ltr'>alios</span> <span class='ocrx_word' id='word_1_441' title='bbox 1742 2234 1866 2259; x_wconf 84' lang='lat' dir='ltr'>proceres</span> <span class='ocrx_word' id='word_1_442' title='bbox 1880 2223 1991 2258; x_wconf 88' lang='lat' dir='ltr'>imperii</span> 
     </span>
     <span class='ocr_line' id='line_1_39' title="bbox 350 2277 1991 2312; baseline -0.002 -7"><span class='ocrx_word' id='word_1_443' title='bbox 350 2280 453 2309; x_wconf 77' lang='lat' dir='ltr'>fideles,</span> <span class='ocrx_word' id='word_1_444' title='bbox 482 2282 513 2305; x_wconf 91' lang='lat' dir='ltr'>ut</span> <span class='ocrx_word' id='word_1_445' title='bbox 541 2278 623 2304; x_wconf 81' lang='lat' dir='ltr'>moris</span> <span class='ocrx_word' id='word_1_446' title='bbox 650 2282 692 2305; x_wconf 79' lang='lat' dir='ltr'>est</span> <span class='ocrx_word' id='word_1_447' title='bbox 720 2279 852 2311; x_wconf 75' lang='lat' dir='ltr'>ipsorum,</span> <span class='ocrx_word' id='word_1_448' title='bbox 881 2278 953 2310; x_wconf 85' lang='lat' dir='ltr'>quod</span> <span class='ocrx_word' id='word_1_449' title='bbox 984 2277 1089 2303; x_wconf 80' lang='lat' dir='ltr'>dictum</span> <span class='ocrx_word' id='word_1_450' title='bbox 1118 2277 1264 2311; x_wconf 83' lang='lat' dir='ltr'>imperium</span> <span class='ocrx_word' id='word_1_451' title='bbox 1287 2280 1372 2311; x_wconf 81' lang='lat' dir='ltr'>atque</span> <span class='ocrx_word' id='word_1_452' title='bbox 1395 2287 1510 2312; x_wconf 84' lang='lat' dir='ltr'>regnum</span> <span class='ocrx_word' id='word_1_453' title='bbox 1535 2278 1590 2303; x_wconf 88' lang='lat' dir='ltr'>iam</span> <span class='ocrx_word' id='word_1_454' title='bbox 1618 2278 1665 2304; x_wconf 90' lang='lat' dir='ltr'>diu</span> <span class='ocrx_word' id='word_1_455' title='bbox 1688 2277 1831 2304; x_wconf 83' lang='lat' dir='ltr'>vacaverit</span> <span class='ocrx_word' id='word_1_456' title='bbox 1854 2278 1883 2303; x_wconf 87' lang='lat' dir='ltr'>et</span> <span class='ocrx_word' id='word_1_457' title='bbox 1903 2277 1991 2306; x_wconf 78' lang='lat' dir='ltr'>vacet,</span> 
     </span>
     <span class='ocr_line' id='line_1_40' title="bbox 350 2328 1993 2365; baseline -0.002 -8"><span class='ocrx_word' id='word_1_458' title='bbox 350 2331 461 2365; x_wconf 81' lang='lat' dir='ltr'>cognito</span> <span class='ocrx_word' id='word_1_459' title='bbox 481 2332 509 2357; x_wconf 85' lang='lat' dir='ltr'>et</span> <span class='ocrx_word' id='word_1_460' title='bbox 527 2330 651 2359; x_wconf 79' lang='lat' dir='ltr'>decreto.</span> <span class='ocrx_word' id='word_1_461' title='bbox 672 2339 704 2356; x_wconf 85' lang='lat' dir='ltr'>ac</span> <span class='ocrx_word' id='word_1_462' title='bbox 725 2329 807 2356; x_wconf 88' lang='lat' dir='ltr'>dictis</span> <span class='ocrx_word' id='word_1_463' title='bbox 827 2329 1003 2363; x_wconf 85' lang='lat' dir='ltr'>principibus</span> <span class='ocrx_word' id='word_1_464' title='bbox 1023 2332 1051 2355; x_wconf 79' lang='lat' dir='ltr'>et</span> <span class='ocrx_word' id='word_1_465' title='bbox 1070 2338 1126 2357; x_wconf 79' lang='lat' dir='ltr'>me.</span> <span class='ocrx_word' id='word_1_466' title='bbox 1148 2329 1174 2354; x_wconf 90' lang='lat' dir='ltr'>in</span> <span class='ocrx_word' id='word_1_467' title='bbox 1199 2332 1333 2362; x_wconf 73' lang='lat' dir='ltr'>quantum</span> <span class='ocrx_word' id='word_1_468' title='bbox 1354 2329 1506 2359; x_wconf 84' lang='lat' dir='ltr'>debuimus,</span> <span class='ocrx_word' id='word_1_469' title='bbox 1527 2329 1747 2363; x_wconf 70' lang='lat' dir='ltr'>expectantibus,</span> <span class='ocrx_word' id='word_1_470' title='bbox 1767 2337 1799 2355; x_wconf 83' lang='lat' dir='ltr'>ac</span> <span class='ocrx_word' id='word_1_471' title='bbox 1818 2328 1945 2354; x_wconf 83' lang='lat' dir='ltr'>omnibus</span> <span class='ocrx_word' id='word_1_472' title='bbox 1964 2330 1993 2354; x_wconf 88' lang='lat' dir='ltr'>et</span> 
     </span>
     <span class='ocr_line' id='line_1_41' title="bbox 350 2380 1993 2416; baseline -0.001 -8"><span class='ocrx_word' id='word_1_473' title='bbox 350 2382 466 2416; x_wconf 85' lang='lat' dir='ltr'>singulis</span> <span class='ocrx_word' id='word_1_474' title='bbox 486 2382 660 2415; x_wconf 85' lang='lat' dir='ltr'>principibus</span> <span class='ocrx_word' id='word_1_475' title='bbox 680 2381 854 2411; x_wconf 78' lang='lat' dir='ltr'>electoribus,</span> <span class='ocrx_word' id='word_1_476' title='bbox 875 2380 922 2413; x_wconf 85' lang='lat' dir='ltr'>qui</span> <span class='ocrx_word' id='word_1_477' title='bbox 942 2381 1076 2407; x_wconf 73' lang='lat' dir='ltr'>eleccioni</span> <span class='ocrx_word' id='word_1_478' title='bbox 1096 2381 1254 2407; x_wconf 85' lang='lat' dir='ltr'>huiusmodi</span> <span class='ocrx_word' id='word_1_479' title='bbox 1274 2382 1438 2408; x_wconf 82' lang='lat' dir='ltr'>celebrande</span> <span class='ocrx_word' id='word_1_480' title='bbox 1452 2382 1614 2408; x_wconf 84' lang='lat' dir='ltr'>debuerunt.</span> <span class='ocrx_word' id='word_1_481' title='bbox 1629 2381 1776 2408; x_wconf 88' lang='lat' dir='ltr'>voluerunt</span> <span class='ocrx_word' id='word_1_482' title='bbox 1794 2382 1822 2407; x_wconf 82' lang='lat' dir='ltr'>et</span> <span class='ocrx_word' id='word_1_483' title='bbox 1841 2382 1993 2414; x_wconf 86' lang='lat' dir='ltr'>potuerunt</span> 
     </span>
     <span class='ocr_line' id='line_1_42' title="bbox 352 2431 1993 2466; baseline -0.002 -6"><span class='ocrx_word' id='word_1_484' title='bbox 352 2434 492 2460; x_wconf 86' lang='lat' dir='ltr'>commode</span> <span class='ocrx_word' id='word_1_485' title='bbox 512 2434 657 2464; x_wconf 70' lang='lat' dir='ltr'>interesse,</span> <span class='ocrx_word' id='word_1_486' title='bbox 677 2433 752 2459; x_wconf 86' lang='lat' dir='ltr'>dicta</span> <span class='ocrx_word' id='word_1_487' title='bbox 772 2433 816 2458; x_wconf 86' lang='lat' dir='ltr'>die</span> <span class='ocrx_word' id='word_1_488' title='bbox 835 2435 863 2459; x_wconf 87' lang='lat' dir='ltr'>et</span> <span class='ocrx_word' id='word_1_489' title='bbox 883 2433 942 2458; x_wconf 90' lang='lat' dir='ltr'>loco</span> <span class='ocrx_word' id='word_1_490' title='bbox 963 2435 1089 2466; x_wconf 85' lang='lat' dir='ltr'>pretacto</span> <span class='ocrx_word' id='word_1_491' title='bbox 1109 2433 1144 2458; x_wconf 81' lang='lat' dir='ltr'>ad</span> <span class='ocrx_word' id='word_1_492' title='bbox 1164 2433 1215 2459; x_wconf 89' lang='lat' dir='ltr'>hoc</span> <span class='ocrx_word' id='word_1_493' title='bbox 1235 2435 1309 2466; x_wconf 77' lang='lat' dir='ltr'>apto.</span> <span class='ocrx_word' id='word_1_494' title='bbox 1330 2433 1446 2459; x_wconf 84' lang='lat' dir='ltr'>honesto</span> <span class='ocrx_word' id='word_1_495' title='bbox 1467 2435 1494 2459; x_wconf 89' lang='lat' dir='ltr'>et</span> <span class='ocrx_word' id='word_1_496' title='bbox 1513 2435 1644 2459; x_wconf 87' lang='lat' dir='ltr'>consueto</span> <span class='ocrx_word' id='word_1_497' title='bbox 1664 2432 1846 2466; x_wconf 82' lang='lat' dir='ltr'>presentibus,</span> <span class='ocrx_word' id='word_1_498' title='bbox 1866 2440 1899 2457; x_wconf 85' lang='lat' dir='ltr'>ac</span> <span class='ocrx_word' id='word_1_499' title='bbox 1919 2431 1993 2457; x_wconf 91' lang='lat' dir='ltr'>inter</span> 
     </span>
    </p>
   </div>
   <div class='ocr_carea' id='block_1_12' title="bbox 352 2482 1993 2519">
    <p class='ocr_par' dir='ltr' id='par_1_14' title="bbox 352 2482 1993 2519">
     <span class='ocr_line' id='line_1_43' title="bbox 352 2482 1993 2519; baseline -0.002 -7"><span class='ocrx_word' id='word_1_500' title='bbox 352 2486 440 2512; x_wconf 84' lang='lat' dir='ltr'>dictos</span> <span class='ocrx_word' id='word_1_501' title='bbox 460 2485 600 2519; x_wconf 81' lang='lat' dir='ltr'>principes</span> <span class='ocrx_word' id='word_1_502' title='bbox 620 2488 647 2511; x_wconf 88' lang='lat' dir='ltr'>et</span> <span class='ocrx_word' id='word_1_503' title='bbox 667 2494 709 2510; x_wconf 88' lang='lat' dir='ltr'>me</span> <span class='ocrx_word' id='word_1_504' title='bbox 730 2493 783 2510; x_wconf 79' lang='lat' dir='ltr'>una</span> <span class='ocrx_word' id='word_1_505' title='bbox 803 2493 863 2509; x_wconf 85' lang='lat' dir='ltr'>cum</span> <span class='ocrx_word' id='word_1_506' title='bbox 883 2484 951 2517; x_wconf 81' lang='lat' dir='ltr'>ipsis</span> <span class='ocrx_word' id='word_1_507' title='bbox 971 2484 1175 2511; x_wconf 78' lang='lat' dir='ltr'>deliberacione</span> <span class='ocrx_word' id='word_1_508' title='bbox 1195 2488 1223 2512; x_wconf 84' lang='lat' dir='ltr'>et</span> <span class='ocrx_word' id='word_1_509' title='bbox 1242 2488 1366 2512; x_wconf 79' lang='lat' dir='ltr'>tractatu</span> <span class='ocrx_word' id='word_1_510' title='bbox 1389 2485 1510 2519; x_wconf 84' lang='lat' dir='ltr'>providis</span> <span class='ocrx_word' id='word_1_511' title='bbox 1530 2487 1558 2511; x_wconf 88' lang='lat' dir='ltr'>et</span> <span class='ocrx_word' id='word_1_512' title='bbox 1577 2484 1693 2511; x_wconf 83' lang='lat' dir='ltr'>maturis</span> <span class='ocrx_word' id='word_1_513' title='bbox 1716 2483 1883 2518; x_wconf 80' lang='lat' dir='ltr'>prehabitis,</span> <span class='ocrx_word' id='word_1_514' title='bbox 1908 2482 1993 2509; x_wconf 78' lang='lat' dir='ltr'>dictis</span> 
     </span>
    </p>
   </div>
   <div class='ocr_carea' id='block_1_13' title="bbox 354 2563 1993 2732">
    <p class='ocr_par' dir='ltr' id='par_1_15' title="bbox 354 2563 1992 2640">
     <span class='ocr_line' id='line_1_44' title="bbox 453 2563 1992 2596; baseline -0.001 -8"><span class='ocrx_word' id='word_1_515' title='bbox 453 2564 499 2588; x_wconf 67' lang='lat'>(35.</span> <span class='ocrx_word' id='word_1_516' title='bbox 529 2564 551 2591; x_wconf 77' lang='lat'>³)</span> <span class='ocrx_word' id='word_1_517' title='bbox 571 2572 586 2587; x_wconf 84' lang='lat' dir='ltr'>a</span> <span class='ocrx_word' id='word_1_518' title='bbox 609 2563 654 2587; x_wconf 64' lang='lat' dir='ltr'>Or.</span> <span class='ocrx_word' id='word_1_519' title='bbox 753 2563 775 2586; x_wconf 44' lang='grc' dir='ltr'>Β)</span> <span class='ocrx_word' id='word_1_520' title='bbox 798 2564 927 2587; x_wconf 76' lang='lat' dir='ltr'>Baldwino</span> <span class='ocrx_word' id='word_1_521' title='bbox 954 2563 979 2587; x_wconf 67' lang='lat'>1&#39;.</span> <span class='ocrx_word' id='word_1_522' title='bbox 1069 2567 1091 2594; x_wconf 74' lang='lat'>0)</span> <span class='ocrx_word' id='word_1_523' title='bbox 1111 2564 1176 2587; x_wconf 72' lang='lat' dir='ltr'>dees!</span> <span class='ocrx_word' id='word_1_524' title='bbox 1203 2564 1228 2589; x_wconf 61' lang='grc' dir='ltr'>Γ.</span> <span class='ocrx_word' id='word_1_525' title='bbox 1323 2563 1347 2589; x_wconf 70' lang='lat' dir='ltr'>d)</span> <span class='ocrx_word' id='word_1_526' title='bbox 1371 2565 1423 2596; x_wconf 81' lang='lat' dir='ltr'>regi</span> <span class='ocrx_word' id='word_1_527' title='bbox 1446 2566 1503 2595; x_wconf 52' lang='grc' dir='ltr'>(λι,</span> <span class='ocrx_word' id='word_1_528' title='bbox 1522 2564 1589 2589; x_wconf 72' lang='lat' dir='ltr'>deest</span> <span class='ocrx_word' id='word_1_529' title='bbox 1614 2564 1641 2595; x_wconf 75' lang='lat' dir='ltr'>V,</span> <span class='ocrx_word' id='word_1_530' title='bbox 1660 2572 1719 2596; x_wconf 80' lang='lat' dir='ltr'>rege</span> <span class='ocrx_word' id='word_1_531' title='bbox 1742 2563 1769 2588; x_wconf 83' lang='lat' dir='ltr'>T.</span> <span class='ocrx_word' id='word_1_532' title='bbox 1853 2564 1875 2594; x_wconf 70' lang='grc' dir='ltr'>θ)</span> <span class='ocrx_word' id='word_1_533' title='bbox 1895 2570 1992 2594; x_wconf 86' lang='lat' dir='ltr'>promo-</span> 
     </span>
     <span class='ocr_line' id='line_1_45' title="bbox 354 2606 733 2640; baseline -0.008 -8"><span class='ocrx_word' id='word_1_534' title='bbox 354 2609 427 2632; x_wconf 84' lang='lat' dir='ltr'>vendi</span> <span class='ocrx_word' id='word_1_535' title='bbox 449 2608 612 2640; x_wconf 75' lang='lat' dir='ltr'>promovendi</span> <span class='ocrx_word' id='word_1_536' title='bbox 636 2610 678 2631; x_wconf 61' lang='lat'>0³³.</span> <span class='ocrx_word' id='word_1_537' title='bbox 708 2606 733 2630; x_wconf 67' lang='grc' dir='ltr'>Γ.</span> 
     </span>
    </p>

    <p class='ocr_par' dir='ltr' id='par_1_16' title="bbox 354 2653 1993 2732">
     <span class='ocr_line' id='line_1_46' title="bbox 457 2653 1993 2690; baseline -0.003 -6"><span class='ocrx_word' id='word_1_538' title='bbox 457 2659 480 2688; x_wconf 92' lang='grc'>1)</span> <span class='ocrx_word' id='word_1_539' title='bbox 500 2657 558 2683; x_wconf 56' lang='lat' dir='ltr'>Rem</span> <span class='ocrx_word' id='word_1_540' title='bbox 578 2657 719 2682; x_wconf 66' lang='lat' dir='ltr'>Bohemiae</span> <span class='ocrx_word' id='word_1_541' title='bbox 737 2659 794 2688; x_wconf 71' lang='lat' dir='ltr'>post</span> <span class='ocrx_word' id='word_1_542' title='bbox 814 2656 902 2682; x_wconf 70' lang='lat' dir='ltr'>ducem</span> <span class='ocrx_word' id='word_1_543' title='bbox 924 2656 1042 2682; x_wconf 60' lang='lat' dir='ltr'>Sarouie</span> <span class='ocrx_word' id='word_1_544' title='bbox 1064 2656 1104 2681; x_wconf 76' lang='lat' dir='ltr'>lzic</span> <span class='ocrx_word' id='word_1_545' title='bbox 1126 2658 1239 2689; x_wconf 75' lang='lat' dir='ltr'>ponitur</span> <span class='ocrx_word' id='word_1_546' title='bbox 1258 2657 1292 2682; x_wconf 67' lang='lat' dir='ltr'>ael</span> <span class='ocrx_word' id='word_1_547' title='bbox 1311 2658 1398 2683; x_wconf 74' lang='lat' dir='ltr'>instar</span> <span class='ocrx_word' id='word_1_548' title='bbox 1416 2658 1455 2689; x_wconf 86' lang='lat' dir='ltr'>B,</span> <span class='ocrx_word' id='word_1_549' title='bbox 1481 2658 1551 2690; x_wconf 68' lang='lat' dir='ltr'>quod</span> <span class='ocrx_word' id='word_1_550' title='bbox 1573 2657 1628 2682; x_wconf 71' lang='lat' dir='ltr'>vide</span> <span class='ocrx_word' id='word_1_551' title='bbox 1652 2665 1742 2689; x_wconf 73' lang='lat' dir='ltr'>supra.</span> <span class='ocrx_word' id='word_1_552' title='bbox 1780 2655 1881 2681; x_wconf 80' lang='lat' dir='ltr'>Eodem</span> <span class='ocrx_word' id='word_1_553' title='bbox 1899 2653 1993 2680; x_wconf 77' lang='lat' dir='ltr'>ordine</span> 
     </span>
     <span class='ocr_line' id='line_1_47' title="bbox 354 2697 1993 2732; baseline -0.002 -6"><span class='ocrx_word' id='word_1_554' title='bbox 354 2700 485 2726; x_wconf 63' lang='lat' dir='ltr'>Matthias</span> <span class='ocrx_word' id='word_1_555' title='bbox 504 2700 761 2732; x_wconf 62' lang='lat' dir='ltr'>Nztewenbm‘yensis</span> <span class='ocrx_word' id='word_1_556' title='bbox 786 2708 830 2732; x_wconf 76' lang='lat' dir='ltr'>ap.</span> <span class='ocrx_word' id='word_1_557' title='bbox 851 2700 962 2725; x_wconf 70' lang='lat' dir='ltr'>Bolmzcr</span> <span class='ocrx_word' id='word_1_558' title='bbox 982 2699 1080 2724; x_wconf 73' lang='lat' dir='ltr'>Fontes</span> <span class='ocrx_word' id='word_1_559' title='bbox 1100 2700 1148 2731; x_wconf 79' lang='lat' dir='ltr'>JV,</span> <span class='ocrx_word' id='word_1_560' title='bbox 1170 2703 1216 2725; x_wconf 66' lang='lat'>235:</span> <span class='ocrx_word' id='word_1_561' title='bbox 1236 2701 1354 2726; x_wconf 73' lang='lat' dir='ltr'>electores</span> <span class='ocrx_word' id='word_1_562' title='bbox 1378 2704 1525 2726; x_wconf 74' lang='lat' dir='ltr'>enumerat:</span> <span class='ocrx_word' id='word_1_563' title='bbox 1554 2701 1620 2727; x_wconf 82' lang='lat' dir='ltr'>item</span> <span class='ocrx_word' id='word_1_564' title='bbox 1640 2699 1774 2726; x_wconf 78' lang='lat' dir='ltr'>Rudolfus</span> <span class='ocrx_word' id='word_1_565' title='bbox 1800 2699 1853 2724; x_wconf 84' lang='lat' dir='ltr'>dux</span> <span class='ocrx_word' id='word_1_566' title='bbox 1873 2697 1993 2724; x_wconf 79' lang='lat' dir='ltr'>Saxonie</span> 
     </span>
    </p>
   </div>
   <div class='ocr_carea' id='block_1_14' title="bbox 352 2740 1992 2813">
    <p class='ocr_par' dir='ltr' id='par_1_17' title="bbox 352 2740 1992 2813">
     <span class='ocr_line' id='line_1_48' title="bbox 352 2740 1992 2777; baseline -0.002 -8"><span class='ocrx_word' id='word_1_567' title='bbox 352 2746 380 2769; x_wconf 91' lang='lat' dir='ltr'>et</span> <span class='ocrx_word' id='word_1_568' title='bbox 400 2744 534 2769; x_wconf 84' lang='lat' dir='ltr'>Iohannes</span> <span class='ocrx_word' id='word_1_569' title='bbox 553 2751 599 2768; x_wconf 85' lang='lat' dir='ltr'>rex</span> <span class='ocrx_word' id='word_1_570' title='bbox 619 2742 748 2768; x_wconf 85' lang='lat' dir='ltr'>Bobemie</span> <span class='ocrx_word' id='word_1_571' title='bbox 775 2743 882 2775; x_wconf 65' lang='lat' dir='ltr'>itemque</span> <span class='ocrx_word' id='word_1_572' title='bbox 902 2742 983 2768; x_wconf 73' lang='lat' dir='ltr'>Gesta</span> <span class='ocrx_word' id='word_1_573' title='bbox 1005 2742 1169 2768; x_wconf 72' lang='lat' dir='ltr'>Trcrirormn</span> <span class='ocrx_word' id='word_1_574' title='bbox 1195 2743 1243 2775; x_wconf 76' lang='lat' dir='ltr'>(ecl.</span> <span class='ocrx_word' id='word_1_575' title='bbox 1264 2743 1437 2777; x_wconf 71' lang='lat' dir='ltr'>IVyttcultach</span> <span class='ocrx_word' id='word_1_576' title='bbox 1461 2747 1484 2770; x_wconf 77' lang='lat' dir='ltr'>et</span> <span class='ocrx_word' id='word_1_577' title='bbox 1504 2744 1605 2770; x_wconf 61' lang='lat' dir='ltr'>Malleo-</span> <span class='ocrx_word' id='word_1_578' title='bbox 1625 2743 1669 2775; x_wconf 84' lang='grc' dir='ltr'>ΙΙ,</span> <span class='ocrx_word' id='word_1_579' title='bbox 1691 2744 1750 2775; x_wconf 69' lang='lat'>258)</span> <span class='ocrx_word' id='word_1_580' title='bbox 1771 2741 1910 2775; x_wconf 79' lang='lat' dir='ltr'>praebent:</span> <span class='ocrx_word' id='word_1_581' title='bbox 1938 2740 1992 2766; x_wconf 84' lang='lat' dir='ltr'>dux</span> 
     </span>
     <span class='ocr_line' id='line_1_49' title="bbox 352 2786 897 2813; baseline -0.004 0"><span class='ocrx_word' id='word_1_582' title='bbox 352 2787 470 2813; x_wconf 77' lang='lat' dir='ltr'>Saxonie</span> <span class='ocrx_word' id='word_1_583' title='bbox 490 2789 518 2813; x_wconf 85' lang='lat' dir='ltr'>et</span> <span class='ocrx_word' id='word_1_584' title='bbox 537 2786 673 2812; x_wconf 78' lang='lat' dir='ltr'>Iohannes</span> <span class='ocrx_word' id='word_1_585' title='bbox 693 2795 738 2811; x_wconf 84' lang='lat' dir='ltr'>rex</span> <span class='ocrx_word' id='word_1_586' title='bbox 759 2786 897 2812; x_wconf 80' lang='lat' dir='ltr'>Boliemie.</span> 
     </span>
    </p>
   </div>
   <div class='ocr_carea' id='block_1_15' title="bbox 2007 711 2035 729">
    <p class='ocr_par' dir='ltr' id='par_1_18' title="bbox 2007 711 2035 729">
     <span class='ocr_line' id='line_1_50' title="bbox 2007 711 2035 729; baseline 0 0"><span class='ocrx_word' id='word_1_587' title='bbox 2007 711 2035 729; x_wconf 79' lang='lat' dir='ltr'>lo</span> 
     </span>
    </p>
   </div>
   <div class='ocr_carea' id='block_1_16' title="bbox 2008 1047 2034 1066">
    <p class='ocr_par' dir='ltr' id='par_1_19' title="bbox 2008 1047 2034 1066">
     <span class='ocr_line' id='line_1_51' title="bbox 2008 1047 2034 1066; baseline -0.038 0"><span class='ocrx_word' id='word_1_588' title='bbox 2008 1047 2034 1066; x_wconf 75' lang='lat'>15</span> 
     </span>
    </p>
   </div>
   <div class='ocr_carea' id='block_1_17' title="bbox 2009 1353 2037 1373">
    <p class='ocr_par' dir='ltr' id='par_1_20' title="bbox 2009 1353 2037 1373">
     <span class='ocr_line' id='line_1_52' title="bbox 2009 1353 2037 1373; baseline 0.036 -1"><span class='ocrx_word' id='word_1_589' title='bbox 2009 1353 2037 1373; x_wconf 75' lang='lat'>20</span> 
     </span>
    </p>
   </div>
   <div class='ocr_carea' id='block_1_18' title="bbox 2009 1612 2037 1630">
    <p class='ocr_par' dir='ltr' id='par_1_21' title="bbox 2009 1612 2037 1630">
     <span class='ocr_line' id='line_1_53' title="bbox 2009 1612 2037 1630; baseline 0 0"><span class='ocrx_word' id='word_1_590' title='bbox 2009 1612 2037 1630; x_wconf 71' lang='lat'>25</span> 
     </span>
    </p>
   </div>
   <div class='ocr_carea' id='block_1_19' title="bbox 2011 2130 2037 2148">
    <p class='ocr_par' dir='ltr' id='par_1_22' title="bbox 2011 2130 2037 2148">
     <span class='ocr_line' id='line_1_54' title="bbox 2011 2130 2037 2148; baseline 0 0"><span class='ocrx_word' id='word_1_591' title='bbox 2011 2130 2037 2148; x_wconf 78' lang='lat'>35</span> 
     </span>
    </p>
   </div>
   <div class='ocr_carea' id='block_1_20' title="bbox 2011 2388 2040 2406">
    <p class='ocr_par' dir='ltr' id='par_1_23' title="bbox 2011 2388 2040 2406">
     <span class='ocr_line' id='line_1_55' title="bbox 2011 2388 2040 2406; baseline 0 0"><span class='ocrx_word' id='word_1_592' title='bbox 2011 2388 2040 2406; x_wconf 81' lang='lat'>40</span> 
     </span>
    </p>
   </div>
   <div class='ocr_carea' id='block_1_21' title="bbox 2011 2662 2039 2680">
    <p class='ocr_par' dir='ltr' id='par_1_24' title="bbox 2011 2662 2039 2680">
     <span class='ocr_line' id='line_1_56' title="bbox 2011 2662 2039 2680; baseline 0.036 -1"><span class='ocrx_word' id='word_1_593' title='bbox 2011 2662 2039 2680; x_wconf 71' lang='lat'>45</span> 
     </span>
    </p>
   </div>
  </div>
 </body>
</html>
