2189 2984
637 186 731 212 ACTA
754 185 863 212 REGNI
884 185 1019 211 KAROLI
1039 185 1084 210 [V.
1124 185 1196 211 1347.
1234 186 1281 211 Nr.
1295 186 1352 212 245.
1754 193 1815 221 303

172 334 256 370 245.
300 336 580 370 Additamentum
607 334 729 368 litteris
759 334 814 368 die
840 335 903 368 27.
924 345 968 367 m.
992 333 1077 367 Iulii
1105 334 1152 367 ad
1175 345 1306 377 papam
1334 335 1473 379 scriptis
1501 336 1725 371 subiunctmn.
1756 357 1803 361 »-

922 393 1010 437 Augy.
1030 394 1064 426 5.

272 472 412 502 Litteras
441 472 592 510 inteyras,
625 481 706 510 quae
738 471 771 501 in
800 470 902 501 codiee
931 470 1053 500 archivi
1077 469 1223 500 Vaticani
1245 469 1303 509 (V)
1333 480 1432 509 supra
1462 471 1558 502 citato
1585 473 1608 510 f.
1631 474 1663 502 4⁴
1693 476 1816 506 tantum

162 526 337 560 servantur,
361 523 411 553 hio
429 532 602 561 proponere
624 522 876 560 superscdimus;
898 531 980 560 quas
1002 521 1095 551 habes
1120 521 1153 551 in
1176 521 1310 551 editione
1332 532 1432 560 supra
1455 522 1553 552 citata
1572 534 1605 562 2).
1624 525 1686 554 106
1708 535 1758 556 ur.
1774 527 1816 555 25

131 587 142 604 ε
163 574 334 613 (θαῦνίεῑῖἱ
354 585 385 614 p.
404 574 445 604 39
467 584 516 604 nr.
531 574 596 613 16).
635 573 792 604 Notitiam
815 573 962 612 temporis
985 572 1154 605 (Bzcrdach
1177 575 1206 602 ct
1230 572 1314 602 Pim·
1332 583 1365 612 p.
1384 573 1458 613 112)
1482 574 1658 605 inmeditate
1680 586 1814 615 sequun-

162 629 217 656 tur
239 626 329 656 haec:

271 716 311 747 Et
341 716 415 757 quia
446 715 576 745 istarum
605 715 783 745 litterarum
808 715 1003 745 transmissio
1029 714 1127 745 dilata
1159 720 1207 745 est
1237 718 1368 755 propter
1397 715 1502 745 nuncii
1530 716 1714 747 tarditatem
1745 722 1816 758 post

163 768 282 807 datam,
308 770 412 798 vestre
436 766 579 807 significo
603 766 774 805 sanctitati,
799 765 885 806 quod
910 766 941 795 in
965 765 1120 796 Kalendis
1143 766 1292 806 Augusti,
1317 765 1368 796 die
1394 766 1567 806 pontificali
1592 771 1623 798 et
1647 768 1814 808 imperiali,
1830 784 1885 808 Aug,
1902 787 1920 805 1,

163 830 221 860 per
244 829 356 850 manus
381 818 521 849 omnium
545 817 742 858 prelatorum
766 816 862 848 Urbis
886 827 943 847 nce
968 827 1030 847 nou
1057 821 1090 848 et
1112 817 1210 857 ipsius
1235 817 1318 848 alme
1343 817 1438 847 Urbis
1461 818 1598 848 militum
1623 823 1656 850 et
1679 820 1819 860 ipsorum

121 882 144 901 ιο
163 870 356 901 sindicorum
381 869 478 900 Urbis
507 872 538 900 et
566 870 730 900 civitatum
756 868 871 899 Tuscie
901 871 933 899 et
957 868 1131 899 vicinarum
1156 868 1291 908 Spiritus
1319 871 1446 899 sanctus
1474 879 1525 899 me
1555 869 1629 900 licet
1656 871 1820 911 indignum

165 922 195 952 in
219 921 429 952 Lateranensi
455 920 591 951 ecclesia
616 919 764 960 dignatus
790 924 838 949 est
862 919 901 950 ad
926 919 1076 950 miliciam
1102 930 1302 960 promovere.
1328 924 1360 950 et
1383 920 1414 950 in
1438 922 1655 961 paragonicaa
1671 922 1766 963 pelvi,
1790 924 1820 953 in

164 983 227 1013 qua
246 972 472 1003 Constantinus
497 971 624 1002 extititb
641 971 831 1011 baptizatuS,
856 971 962 1010 recepi
987 970 1148 1001 lavacrum
1172 971 1321 1001 militare.
1356 970 1398 1001 Et
1422 975 1618 1012 congregato
1643 976 1709 1004 toto
1727 973 1821 1004 Urbis

165 1023 283 1065 populo
317 1028 349 1054 et
379 1024 543 1054 civitatum
574 1023 708 1053 aliarum
732 1022 913 1053 hominibus
943 1022 1086 1057 infinitis,
1117 1026 1212 1063 prout
1239 1033 1258 1053 a
1286 1022 1405 1063 Spiritu
1439 1028 1549 1053 sancto
1580 1026 1749 1064 processit,
1782 1026 1820 1055 dc

163 1086 319 1106 consensu
341 1074 534 1105 venerabilis
556 1074 653 1104 vestri
685 1074 715 1104 in
741 1073 827 1104 Urbe
853 1074 960 1104 vicarii
993 1073 1084 1104 nobis
1114 1075 1144 1104 in
1175 1074 1321 1105 omnibus
1351 1075 1527 1105 assistentis
1563 1075 1602 1106 ad
1636 1076 1819 1107 civilitatem

122 1139 144 1156 ιε,
164 1126 260 1157 Urbis
284 1126 391 1166 recepi
416 1136 527 1156 omnes
544 1125 659 1156 'l’uscie
684 1125 839 1155 civitates.
881 1126 1000 1155 Omnes
1025 1129 1057 1156 ct
1080 1125 1222 1165 singulos
1246 1126 1377 1163 clectos,
1402 1126 1561 1157 electores
1585 1131 1617 1157 et
1641 1128 1820 1168 quicunque

163 1179 192 1208 in
217 1177 379 1209 eleccione
404 1177 540 1208 Romani
565 1177 692 1216 imperii
717 1187 753 1207 ac
776 1177 845 1217 ipso
870 1177 1004 1217 imperio
1030 1178 1076 1207 ius
1100 1177 1305 1216 pretendunt,
1329 1177 1472 1217 generali
1498 1177 1624 1208 edicto¹
1650 1179 1753 1217 citavi,
1783 1183 1818 1210 ut

162 1238 233 1259 cum
266 1238 376 1259 eorum
409 1228 530 1258 iuribus
560 1229 694 1268 quisque
728 1227 769 1258 ad
799 1229 913 1258 festum
944 1227 1154 1258 Pentecostes
1183 1229 1328 1268 proxime
1357 1228 1496 1259 futurum
1532 1229 1563 1259 in
1592 1228 1679 1260 Urbe
1709 1241 1815 1261 coram
1833 1228 1909 1273 ,ξῇἶῧὲ

162 1280 279 1310 vicario
304 1283 409 1310 vestro
439 1284 471 1310 et
501 1290 551 1310 mc
581 1280 714 1320 ipsoque
745 1279 863 1320 populo
889 1279 1036 1310 Romano
1061 1279 1202 1310 debcant
1230 1285 1451 1319 comparere‘:
1481 1280 1632 1320 alioquin,
1658 1285 1751 1321 prout
1779 1281 1818 1312 de

162 1332 230 1362 iure
259 1331 369 1371 fuerit,
399 1332 428 1361 in
455 1332 553 1372 ipsius
577 1331 747 1362 eleccionis
771 1331 905 1371 negocio
934 1331 1135 1371 procedetur.
1182 1330 1261 1361 Cum
1291 1334 1398 1361 autem
1428 1331 1562 1362 honesta
1592 1336 1625 1362 et
1652 1333 1750 1373 pura-‘¹
1778 1333 1818 1364 ad

117 1393 143 1411 20
162 1386 269 1413 actum
292 1383 456 1413 citacionis
479 1382 674 1420 huiusmodi7
704 1392 809 1422 ymmo
836 1382 971 1422 Spiritus
995 1383 1096 1413 sancti
1120 1382 1258 1423 provisio
1284 1392 1334 1412 mc
1359 1382 1497 1417 induxit,
1566 1387 1617 1414 ut⁰
1641 1384 1815 1415 electorum

161 1438 192 1465 et
217 1434 408 1475 eligencium
434 1434 627 1474 inquietacio
652 1433 724 1464 talis
748 1435 830 1465 inter
854 1444 909 1464 eos
933 1434 1063 1464 iuriums
1083 1434 1326 1474 ambiguitatem
1352 1434 1498 1465 inducat*¹
1522 1439 1554 1465 et
1577 1436 1646 1475 ipsa
1670 1435 1817 1466 dubietas

162 1484 203 1516 ad
227 1488 370 1516 sanctam
388 1484 569 1515 Romanam
594 1485 762 1515 ecclesiam
788 1491 819 1515 et
843 1486 1045 1516 sanctitatem
1064 1488 1201 1516 vestram
1226 1496 1297 1516 cum
1317 1487 1499 1516 reverencia
1524 1487 1635 1517 maiori
1656 1497 1815 1517 recurrere

161 1540 273 1577 cogat⁴³
290 1547 355 1573 eos,
379 1547 486 1577 ymmo
503 1536 608 1567 Deum
633 1540 665 1567 et
689 1536 799 1567 sedem
824 1536 972 1567 camdem
991 1542 1195 1577 vestramque
1220 1538 1420 1567 sanctitatem
1440 1537 1590 1568 devocius
1614 1542 1646 1568 et
1670 1548 1816 1568 reveren-

162 1588 228 1618 cius
245 1591 476 1629 recognoscant
484 1594 505 1625 ³,
530 1591 562 1618 et
578 1591 611 1618 ut
627 1588 744 1628 impius
760 1598 921 1618 armorum
938 1589 1090 1629 strepitus
1114 1592 1147 1619 et
1163 1588 1275 1618 effusio
1293 1589 1459 1619 sevissima
1476 1590 1637 1630 sanguinis
1655 1590 1814 1620 christiani

119 1651 143 1670 25
163 1637 341 1680 depereant
373 1642 405 1669 et
434 1640 542 1679 vigeat
571 1650 635 1679 pax
666 1639 799 1680 ubique.
831 1639 1087 1670 ambaxiatorum
1115 1641 1211 1670 vestri
1235 1639 1373 1670 Romani
1404 1640 1513 1681 populi
1545 1646 1641 1681 atque
1672 1652 1744 1672 mea
1775 1641 1816 1672 ad

162 1691 365 1721 sanctitatem
389 1694 541 1725 vestram,
572 1700 664 1730 reges
688 1690 884 1722 Francorum
914 1696 945 1722 et
969 1691 1085 1731 Anglic
1115 1696 1147 1721 ct
1171 1692 1312 1733 singulos
1341 1691 1421 1723 alios
1445 1702 1537 1733 reges
1561 1692 1716 1723 catholice
1741 1692 1815 1723 tidei

162 1741 384 1782 notabilesque
409 1741 517 1780 duces,
541 1742 700 1782 principes
723 1752 781 1772 nec
807 1753 868 1773 non
893 1742 933 1773 ad
959 1743 1120 1783 predictos
1145 1743 1265 1774 electos
1290 1748 1322 1774 et
1346 1744 1503 1774 electores
1527 1743 1721 1774 ambassiata
1744 1755 1815 1784 prc-

163 1793 256 1833 cipua
288 1797 319 1823 et
348 1792 543 1823 honorabilis
572 1793 748 1833 dirigiturss.
797 1795 912 1824 Omnia
944 1804 1081 1835 namque
1112 1805 1183 1825 cum
1214 1795 1400 1825 reverencia
1432 1798 1463 1824 ct
1488 1795 1607 1826 honore
1640 1796 1816 1826 sanctitatis

163 1848 266 1874 vestre
291 1845 439 1875 continue
464 1844 637 1884 operabor;
672 1855 691 1874 a
716 1844 828 1885 quibus
856 1856 917 1876 non
942 1845 1108 1881 desistam,
1138 1845 1290 1885 quamdiu
1314 1845 1410 1876 fucrit
1434 1846 1529 1876 michi
1555 1847 1627 1876 vita.
1674 1845 1715 1876 Et
1745 1857 1815 1877 cum

118 1906 144 1925 30
162 1895 281 1926 auxilio
310 1895 445 1935 Spiritus
480 1896 580 1926 sancti
615 1906 688 1936 spes
717 1902 804 1927 certa
831 1906 882 1927 me
913 1896 1076 1934 confovet,
1111 1896 1195 1937 quod
1228 1898 1258 1927 iu
1288 1908 1371 1927 anno
1400 1897 1529 1927 Domini
1561 1897 1679 1927 iubileo
1711 1901 1816 1928 vestra

161 1946 313 1976 sanctitas
337 1947 397 1977 erit
419 1947 523 1978 Rome
548 1957 585 1977 ac
610 1948 783 1987 imperator
807 1947 987 1979 vobiscum.
1013 1947 1098 1988 quod
1123 1958 1219 1979 unum
1244 1948 1304 1978 erit
1328 1948 1410 1978 ovile
1437 1951 1468 1978 et
1491 1958 1571 1978 unus
1595 1948 1735 1988 pastor2,
1759 1959 1816 1988 per

160 1998 269 2038 gracie
294 1997 438 2029 eiusdem
462 1997 599 2038 Spiritus
622 1999 722 2029 sancti
746 1999 905 2029 unionem.
947 1998 1108 2033 Ceterum,
1134 2000 1208 2040 quia
1233 1999 1347 2029 diffusa
1370 1999 1478 2039 gracia
1502 1999 1637 2039 Spiritus
1661 2000 1761 2030 sancti
1785 2000 1814 2028 in

162 2058 335 2088 paucorum
353 2049 476 2080 dierum
494 2050 611 2080 circulo
629 2049 686 2080 sub
703 2060 775 2081 meo
793 2050 948 2090 regimine
965 2050 1196 2090 rempublicam
1214 2050 1379 2081 liberavith
1397 2055 1429 2081 et
1445 2051 1535 2081 auxit
1559 2054 1591 2081 et
1614 2051 1642 2080 in
1662 2050 1815 2080 Kalendis

162 2100 299 2141 Augusti
324 2100 456 2141 prefatis
480 2100 520 2132 ad
544 2101 694 2132 miliciam
720 2111 792 2132 mea
808 2101 971 2132 humilitas
995 2105 1043 2132 est
1060 2106 1217 2142 promota,
1242 2102 1337 2132 michi
1361 2102 1485 2142 augusti
1511 2112 1625 2132 nomen
1651 2104 1683 2132 et
1706 2101 1814 2132 titulus

121 2161 145 2179 ³5·
165 2154 222 2187 est,
247 2156 281 2182 ut
304 2152 385 2182 infra
409 2152 566 2189 scribitur,
591 2152 769 2183 attributus

269 2211 389 2242 Datum
412 2215 447 2242 ut
469 2222 565 2252 supra
589 2212 640 2243 die
664 2223 692 2242 v.
711 2213 857 2252 Augusti.

268 2299 408 2332 Humilis
432 2305 592 2339 creatura,
623 2301 812 2332 candidatus
835 2302 970 2342 Spiritus
998 2302 1098 2333 sancti
1129 2301 1234 2340 miles,
1263 2301 1414 2332 Nicolaus
1444 2311 1573 2331 severus
1603 2304 1636 2331 et
1664 2301 1813 2339 clemens,

156 2350 314 2382 liberator
336 2351 447 2392 Urbis,
478 2352 598 2384 zelator
621 2352 728 2385 Italic.
760 2356 886 2383 amator
910 2352 994 2383 orbis
1019 2357 1051 2383 ct
1074 2353 1217 2383 tribunus
1241 2356 1407 2393 augustus.
1441 2362 1474 2381 sc
1499 2351 1538 2381 ad
1563 2351 1681 2392 pedum
1707 2352 1812 2382 oscula

162 2400 337 2434 beatorum.

122 2526 147 2545 ⁴0
266 2524 330 2551 245·
357 2528 380 2556 Β)
400 2528 528 2559 paganica
555 2527 579 2551 Γ.
679 2526 703 2557 ¹²)
723 2528 835 2560 estiterit
861 2527 887 2553 Γ.
986 2529 1008 2558 e)
1028 2536 1178 2560 comparare
1205 2527 1231 2553 V.
1329 2527 1353 2559 ¹¹)
1377 2528 1407 2551 (le
1430 2527 1582 2550 substantivo
1607 2526 1646 2550 lm·
1671 2526 1812 2558 supplendo

164 2567 216 2591 iam
237 2569 410 2601 coqitaveruut
428 2569 553 2594 Bmdaeh
571 2574 594 2595 et
613 2570 693 2597 Pium
721 2579 755 2594 αη
774 2571 882 2595 intentio
901 2570 1090 2602 supplendum?
1199 2571 1221 2602 Θ)
1241 2575 1266 2595 et
1279 2584 1311 2588 -—
1326 2570 1430 2594 inducet
1446 2573 1567 2600 —,coget
1582 2582 1612 2585 -—
1629 2572 1812 2600 recognoscent

164 2611 341 2643 corriqendunz
361 2616 461 2636 censent
481 2612 605 2638 Burdacli
624 2617 646 2638 et
663 2613 736 2637 Ρὶιιν,
826 2611 845 2644 f)
864 2614 947 2638 virum
975 2613 1001 2638 V.
1084 2613 1109 2644 Β)
1129 2614 1252 2646 dirigetur
1267 2617 1374 2645 propter
1393 2620 1494 2637 cursam
1514 2611 1693 2643 corriyemlum
1713 2616 1811 2636 censent

164 2652 289 2678 Bur-dach,
307 2659 330 2679 et
350 2654 422 2679 Piur.
511 2653 536 2685 h)
556 2656 675 2681 liberabit
699 2655 726 2680 1⁷.

265 2744 290 2769 li
310 2742 399 2776 Swpra
418 2751 460 2769 m:
475 2748 532 2770 244.
620 2744 648 2771 2)
669 2744 724 2769 1011.
745 2747 836 2775 10,16.
