2189 2984
365 140 425 167 710
790 134 885 160 ACTA
906 133 1017 160 REGNI
1040 134 1172 160 maon
1193 135 1238 160 1v.
1276 134 1351 160 1348.
1389 133 1436 159 Νι.
1450 133 1508 160 700.
1528 134 1585 159 τοι.

358 223 455 254 tuatis
484 226 516 253 et
545 221 630 262 quod
660 221 810 262 quicquid
841 232 880 252 ex
911 221 1025 252 eadem
1050 221 1330 252 administracione
1355 221 1522 260 recepistis
1551 219 1656 250 eidem
1681 220 1820 260 capitulo
1845 220 2014 251 deliberari

358 274 492 312 faciatis,
509 274 611 314 ipsum
629 272 804 313 capitulum
820 273 887 303 iure
904 283 961 303 suo
979 272 1123 313 predicto
1142 273 1225 302 circa
1243 272 1398 312 premissa
1415 271 1541 302 faciatis
1558 271 1749 302 auctoritate
1766 273 1854 312 regia
1872 271 2013 312 gaudere

358 325 488 366 pacifice
519 326 609 355 iuxta
638 324 794 355 dictarum
822 325 1006 355 ultimarum
1037 325 1215 355 litterarum
1241 323 1400 364 regiarum
1426 327 1582 361 tenorem,
1608 333 1678 353 eum
1704 323 1805 354 dictus
1830 326 2015 364 procurator

357 380 487 417 paratus
515 377 555 406 sit
583 380 615 407 et
643 387 676 406 se
705 380 851 416 paratum
881 376 995 407 offerat
1025 386 1096 407 cum
1126 376 1243 406 effectu
1272 385 1328 405 vos
1357 385 1454 415 super
1483 374 1567 405 dicto
1596 375 1663 405 iure
1692 375 1822 415 capituli
1847 375 2014 405 memorati

358 429 503 468 superius
520 431 690 458 ennarrato
709 438 830 458 necnon
856 439 951 469 super
972 428 1074 458 causis
1099 431 1130 457 et
1155 427 1253 457 titulis
1272 426 1441 457 antedictis
1461 437 1582 457 necnon
1601 437 1696 467 super
1720 437 1769 465 eo,
1794 426 1879 466 quod
1897 425 2014 456 (lictum
2044 436 2054 452 .··

359 479 532 520 capitulum
565 479 623 510 fuit
648 479 801 510 hactenus
829 489 847 509 a
873 483 1033 519 tempore,
1068 479 1156 509 cuius
1187 478 1334 518 principii
1359 479 1515 508 memoria
1544 488 1605 508 non
1631 478 1752 517 existit,
1786 483 1818 508 et
1844 488 1946 518 usque
1975 477 2015 507 ad

360 534 487 571 tempus
512 541 574 571 quo
600 531 702 561 dictus
720 531 889 571 episcopus
907 530 1025 560 dictam
1044 529 1358 560 administracionem
1377 529 1559 570 assumpsit,
1582 530 1613 560 in
1630 530 1830 570 possessione
1854 529 1905 559 vel
1927 530 2016 570 quasi

358 583 492 623 pacifica
523 586 554 612 et
583 583 732 612 continua
762 582 881 612 dictam
909 582 1225 612 administracionem
1255 580 1396 612 habendi
1424 584 1456 611 et
1488 580 1660 611 exercendi
1689 581 1855 621 dictosque
1886 580 2016 612 fructus

359 635 503 665 redditus
527 637 559 664 et
583 637 755 674 proventus
780 633 851 663 inde
877 633 1101 673 provenientes
1127 632 1301 673 recipiendi
1327 636 1358 663 et
1382 633 1411 662 in
1426 633 1598 663 utilitatem
1623 643 1712 662 suam
1730 632 1935 663 convertendi
1960 642 2017 672 per

358 690 486 727 tempus
503 690 682 726 pretaetum
708 685 757 715 vel
783 685 884 715 eciam
910 695 966 724 per
983 687 1105 714 tantum
1123 688 1259 724 tmnpus,
1285 684 1369 725 quod
1390 684 1506 714 sufficit
1528 683 1570 714 ad
1588 684 1821 724 possessionem
1839 683 2015 724 legitimam

358 737 628 778 acqustendram),
660 736 826 767 videlieet*¹
852 736 972 766 donec³
997 736 1118 776 regalia
1149 746 1205 766 sua
1231 736 1390 777 receperit
1418 747 1473 766 seu
1498 736 1688 766 relevaverit
1717 739 1749 766 et
1775 735 1849 765 inde
1878 735 2016 775 capitulo

357 789 453 820 fidem
480 789 601 825 fecerit,
626 792 719 829 prout
744 788 890 828 superius
915 791 1114 820 ennarratur.
1139 787 1278 828 [plenius
1302 786 1518 828 informare]¹⁷.
1566 787 1616 817 Ad
1644 798 1738 828 quam
1765 787 1895 827 quidem
1919 786 2016 817 infor—

360 841 552 877 macionem,
579 850 672 880 qnam
698 839 788 869 vobis
813 839 907 869 offert
930 839 1016 869 idem
1042 843 1230 879 procurator
1254 839 1398 880 capituli,
1427 843 1461 869 ut
1484 839 1692 880 premittitur,
1721 839 1879 879 supplicat
1903 849 1936 868 se
1961 849 2018 879 per

359 903 414 922 ves
444 891 569 921 admitti
598 901 719 920 necnon
750 890 791 920 ad
823 901 893 920 eam
918 889 1098 921 faciendam
1128 901 1185 931 per
1214 889 1269 921 vo's
1298 890 1357 921 sibi
1382 894 1619 931 competentem
1651 890 1734 921 diem
1765 901 1820 921 seu
1849 890 2015 920 terminum

358 945 423 973 sive
448 943 516 972 dies
540 952 596 972 seu
620 942 772 972 terminos
796 943 950 981 assignari
975 943 1063 972 salvo
1093 943 1160 973 iure
1188 942 1343 978 addendi,
1373 942 1535 973 minuendi
1565 943 1595 972 in
1620 942 1704 972 (licta
1728 942 1961 983 supplicatione
1987 946 2018 972 et

360 995 390 1024 in
422 994 600 1035 premissis,
633 994 656 1023 si
691 997 722 1023 et
752 993 880 1034 quando
911 993 1047 1024 dominis
1078 994 1142 1024 suis
1174 998 1205 1024 et-
1234 994 1293 1025 sibi
1322 994 1483 1025 videbitur
1513 994 1676 1034 expedire.
1728 994 1929 1024 protestatus
1960 994 2018 1024 fuit

361 1047 457 1076 etiam
489 1045 589 1075 dictus
614 1048 802 1085 procurator
826 1045 866 1075 (lc
892 1045 1096 1085 procedendo
1121 1056 1218 1086 super
1244 1047 1393 1087 petitorio
1423 1049 1454 1076 et
1483 1047 1587 1086 ipsum
1612 1045 1812 1081 intentando„
1842 1048 1935 1086 prout
1959 1045 2017 1075 sibi

360 1102 391 1128 et
415 1097 542 1138 quando
568 1097 627 1127 sibi
653 1097 807 1138 placuerit
833 1101 864 1128 et
889 1098 946 1128 sibi
966 1098 1066 1128 visum
1084 1098 1178 1128 suerit
1203 1102 1235 1129 et
1259 1102 1353 1138 prout
1378 1098 1417 1128 de
1439 1099 1506 1128 inre
1524 1097 1584 1128 sibi
1600 1099 1762 1138 competit.
1802 1097 1892 1127 Nunc
1909 1100 2016 1127 autem

359 1160 456 1190 super
481 1150 676 1190 prmsessorm
704 1149 878 1190 procedere
898 1150 1035 1180 intendit
1059 1161 1120 1180 non
1139 1151 1318 1190 astringens
1342 1161 1376 1180 se
1401 1150 1441 1180 ad
1466 1150 1573 1180 omnia
1596 1150 1772 1190 probanda,
1797 1149 1853 1179 sed
1879 1149 1964 1189 quod
1989 1150 2016 1179 ei

362 1201 509 1231 sufficere
536 1201 668 1231 debebit
693 1201 732 1231 de
758 1201 929 1241 premissis.

623 1351 706 1384 701.
748 1350 949 1384 Consanum
975 1353 1238 1393 prosto-(dorma
1267 1351 1344 1393 fissi
1370 1350 1506 1394 ‘J'cjsallsz
1536 1371 1584 1374 ——
1617 1351 1701 1395 Aust.
1723 1354 1758 1384 2.

470 1424 633 1463 Ore'yt'nulc
652 1425 723 1463 (or.)
751 1425 782 1454 in
806 1424 931 1454 archia-0
949 1423 1107 1455 Insulensi
1125 1423 1288 1455 ‘Gamla-ai
1309 1424 1493 1455 Cutlzddralc
1513 1425 1631 1456 Carion
1646 1425 1706 1455 43’.
1737 1424 1840 1463 Sigsilli
1865 1423 2019 1455 lValrami

362 1476 399 1507 dc
423 1476 634 1515 szwmbzcrqlo
655 1478 868 1516 fhwzymenlzcm
891 1476 1004 1514 simulas
1029 1476 1093 1506 loro
1119 1476 1359 1507 membranaceo.
1384 1495 1422 1498 —
1451 1477 1620 1509 Inrdilum.

470 1562 635 1593 Universis
660 1566 826 1602 presentes
851 1563 973 1592 litteras
997 1562 1187 1602 inspecturis
1276 1588 1282 1593 .
1304 1563 1512 1593 .Walran1us
1537 1563 1576 1593 de
1594 1562 1847 1593 Luczillinbourc
1872 1562 2018 1592 dominus

361 1614 400 1645 de
425 1614 538 1654 Liney,
568 1613 805 1644 commissarius
833 1614 981 1654 specialis
1010 1615 1039 1643 in
1070 1614 1128 1644 hac
1158 1618 1248 1655 parte
1279 1615 1474 1645 serenissimi
1503 1615 1652 1655 principis
1679 1615 1798 1645 domini
1824 1614 1933 1644 Knroli
1957 1614 2017 1644 Dei
2039 1627 2054 1643 -ι,

359 1667 464 1706 gratia
481 1665 565 1706 regis
579 1665 798 1695 Romanorum
812 1675 941 1706 semper
959 1665 1085 1705 angusti
1103 1670 1134 1696 et
1151 1663 1285 1697 Boemie
1303 1667 1387 1707 regis
1475 1667 1612 1696 salutem
1630 1667 1658 1696 in
1677 1677 1726 1705 eo,
1744 1667 1796 1706 qui
1815 1670 1862 1696 est
1879 1666 2019 1696 omnium

361 1727 436 1747 vera
461 1718 556 1747 salus.

469 1768 548 1798 (lum
574 1768 718 1809 prefatus
747 1768 892 1798 dominus
922 1772 1028 1798 noster
1056 1769 1275 1800 omnimodam
1302 1770 1505 1810 episcopatus
1531 1769 1772 1800 Cameracensis
1796 1768 2018 1809 temporalium

361 1820 669 1850 administrationem
700 1830 736 1849 ae
766 1820 940 1853 fruetuum,
974 1820 1155 1850 reddituum
1187 1824 1219 1851 et
1245 1826 1456 1861 proventuum
1488 1822 1561 1852 inde
1586 1822 1840 1862 provenientium
1870 1821 1908 1851 ad
1941 1831 2020 1860 opus

360 1872 426 1902 fisci
451 1872 497 1901 sui
521 1872 761 1911 perceptionem
786 1871 877 1902 nobis
902 1876 932 1901 et
958 1871 1074 1902 dilecto
1099 1872 1163 1903 filio
1188 1878 1296 1903 nostro
1314 1873 1448 1903 Iohanni
1466 1873 1640 1904 castellano
1659 1873 1813 1903 insulensi
1838 1876 1869 1903 et
1889 1872 2019 1902 cuilibet

362 1926 502 1953 nostrum
536 1924 565 1952 in
590 1923 726 1953 solidum
753 1934 809 1963 per
832 1923 955 1953 litteras
980 1924 1071 1953 suus¹
1098 1924 1294 1954 commiserit
1318 1928 1349 1954 ct
1373 1935 1430 1965 per
1453 1925 1532 1955 alias
1556 1936 1628 1955 suas
1652 1925 1729 1955 certi
1755 1925 1872 1954 tenoris
1896 1924 2018 1954 litteras

361 1974 534 2004 secundas2
547 1974 636 2004 nobis
647 1974 776 2015 filioque
789 1978 896 2004 nostro
912 1974 1055 2015 predicto
1068 1976 1272 2012 commiserit,
1287 1980 1371 2016 quat(
1381 1977 1471 2017 enus)
1482 1987 1578 2017 super
1589 1977 1863 2007 administratione
1878 1975 2020 2016 predicta

360 2036 482 2057 necnon
497 2036 593 2066 super
610 2026 702 2056 dictis
719 2026 874 2056 fructibus
888 2026 1048 2066 perceptis
1070 2030 1101 2056 et
1121 2027 1335 2067 percipiendis
1351 2028 1505 2058 faciamus
1522 2028 1695 2058 venerabili
1714 2028 1852 2068 capitulo
1867 2027 2019 2058 Camera-

362 2078 489 2115 cen(sis)
516 2077 652 2108 ecclesie
678 2077 909 2108 restitutionem
929 2077 1081 2113 debitam,
1106 2079 1131 2121 si
1149 2079 1190 2108 sit
1207 2079 1260 2115 ita,
1287 2079 1371 2119 quod
1390 2079 1508 2110 dictum
1526 2080 1700 2121 capitulum
1718 2081 1747 2110 in
1765 2081 1810 2110 eis
1827 2080 1874 2109 ius
1891 2079 2018 2115 habeat,

361 2129 441 2159 sicut
469 2139 526 2169 pro
556 2133 646 2169 parte
672 2128 746 2159 dicti
772 2128 902 2169 capituli
927 2129 986 2159 fuit
1011 2130 1193 2170 expositum
1219 2130 1347 2161 domino
1374 2134 1479 2161 nostro
1505 2131 1663 2172 predicto,
1694 2132 1859 2172 dictusque
1884 2131 2018 2162 dilectus

360 2180 443 2210 tilius
468 2184 500 2210 ct
525 2180 649 2220 collega
674 2183 782 2210 noster
804 2180 895 2210 nobis
919 2181 950 2210 in
974 2180 1033 2210 hac
1060 2185 1149 2221 parte
1173 2181 1435 2222 subdelegaverit
1459 2183 1543 2213 vices
1567 2184 1660 2214 suas³
1686 2187 1717 2214 et
1733 2187 1919 2224 procurator
1943 2182 2018 2213 dicti

361 2231 491 2271 capituli
505 2231 596 2261 nobis
609 2232 867 2272 supplicaverit4‚
882 2230 1089 2273 qu[at](enus)
1104 2233 1145 2263 ad
1160 2233 1394 2264 informandum
1409 2246 1465 2264 nos
1482 2245 1578 2275 super
1594 2236 1661 2266 iure
1677 2234 1875 2265 dominorum
1889 2245 2017 2265 suorum

360 2282 505 2323 predicto
523 2284 715 2323 recipiamus
741 2287 772 2314 et
789 2283 995 2314 admittamus
1013 2284 1171 2314 eundema
1192 2287 1224 2315 et
1241 2286 1326 2325 quod
1345 2286 1569 2317 informatione
1586 2287 1729 2327 predicta
1754 2297 1810 2327 per
1834 2297 1906 2316 eum
1924 2285 2017 2325 factag

361 2335 385 2364 si
411 2344 468 2374 per
487 2345 557 2365 eam
576 2336 761 2375 apparuerit
786 2335 825 2366 de
850 2336 916 2365 iure
935 2335 1136 2366 dominorum
1153 2347 1281 2367 suorum
1299 2337 1453 2378 predicto,
1479 2338 1611 2378 prefatis
1628 2338 1762 2368 dominis
1779 2338 1842 2368 suis
1859 2348 1915 2368 seu
1933 2337 2016 2368 dicto

362 2386 502 2426 capitulo
522 2385 676 2417 faciamus
693 2386 811 2417 dictam
830 2387 1089 2417 restitucionemb
1115 2398 1173 2428 per
1193 2398 1266 2418 euin
1284 2390 1428 2429 petitam,
1453 2390 1533 2420 sicut
1549 2393 1613 2420 tam
1638 2391 1668 2420 in
1685 2390 1798 2420 litteris
1815 2390 1909 2430 regiis
1927 2393 2016 2420 ante-

362 2436 454 2466 dictis
472 2447 567 2477 quam
585 2439 615 2467 in
634 2438 746 2468 litteris
763 2438 879 2479 prefati
896 2438 1060 2469 castellani
1079 2439 1205 2479 college
1223 2441 1320 2470 nostri
1338 2451 1433 2481 super
1450 2441 1534 2471 dicta
1548 2441 1814 2482 subdelegatione
1831 2441 1922 2472 factis
1938 2444 1970 2472 et
1986 2442 2016 2471 in

362 2487 596 2528 supplicatione
622 2489 697 2520 dicti
715 2491 929 2530 procuratoris
947 2490 1103 2530 premissa
1128 2491 1253 2531 plenius
1277 2493 1487 2529 continentur,
1512 2493 1657 2523 noverint
1680 2493 1827 2530 universi,
1853 2493 1937 2533 quod
1961 2503 2017 2523 nos

469 2606 532 2632 700.
561 2608 583 2638 ²²)
603 2609 618 2632 ἱ.
633 2610 649 2632 l.
665 2618 686 2633 r.
702 2611 721 2633 ,δ’
739 2614 757 2634 1,
847 2610 870 2641 b)
891 2611 957 2635 deest
978 2611 998 2635 S
1012 2616 1036 2637 1,·
1054 2612 1232 2643 supplevimus.

467 2674 528 2700 701·
557 2678 579 2705 ⁸)
598 2678 687 2701 endem
708 2688 744 2702 or.
834 2679 856 2707 ιι)
876 2681 1033 2704 resticioueni
1054 2689 1090 2704 nr.

470 2752 492 2782 1)
514 2750 603 2782 Supra
630 2761 670 2777 nr.
691 2758 746 2779 eistat.
846 2757 872 2779 2»
892 2754 982 2787 Supra
1004 2764 1044 2780 ην.
1060 2759 1115 2781 691,
1205 2756 1231 2788 3)
1251 2756 1339 2788 Supra
1361 2765 1399 2781 nr.
1415 2760 1468 2783 6:19.
1557 2759 1583 2786 4>
1603 2757 1694 2790 Supra
1715 2767 1755 2784 nr.
1770 2764 1825 2785 700.

2037 694 2059 710 lo

2038 951 2060 968 15

2037 1209 2061 1227 20

2039 1881 2062 1900 30

2038 2141 2061 2159 35

2036 2398 2059 2416 40

2031 2765 2056 2783 45
