2189 2984
139 697 162 715 10

136 955 159 972 15

136 1213 160 1231 20

133 1470 156 1489 25

133 1727 157 1745 30

132 1988 155 2006 35

131 2245 156 2263 40

130 2500 154 2519 45

677 134 773 161 ACTA
792 133 904 160 neem
924 134 1060 160 KARoLi
1081 134 1125 160 iv.
1164 136 1237 161 1346.
1274 135 1321 161 ΝΥ.
1337 136 1391 162 102.
1768 145 1821 171 μη

185 221 364 259 auctoritas,
389 221 438 250 cui
455 220 573 250 dictum
599 231 616 250 a
632 219 771 250 Domino
796 220 931 260 legimus
952 230 1009 260 per
1026 220 1232 260 prophetam:
1258 220 1352 252 ‘Ecce
1370 224 1515 253 constitui
1540 228 1569 255 te
1595 236 1689 265 super
1713 230 1824 265 gentes

184 277 216 303 et
249 283 343 312 super
377 282 491 312 regna,
523 277 557 302 ut
591 271 723 307 evellas,
756 271 914 306 destruas,
947 271 1112 312 disperdas
1143 277 1173 302 et
1197 272 1344 312 dissipes,
1374 274 1503 304 edifices
1531 279 1562 305 et
1586 276 1720 315 plantcs'
1732 278 1751 308 ¹.
1783 278 1822 307 ad

184 322 337 364 erigenda
362 328 393 353 et
417 322 583 363 dirigenda
607 322 788 352 huiusmodi
812 322 977 362 regimina
1002 329 1094 362 prout
1118 323 1158 353 ad
1183 334 1271 353 suam
1290 328 1412 364 spectat
1436 325 1679 365 solicitudinem,
1703 338 1822 368 nequa-

184 384 279 415 quam
305 374 401 405 debet
425 379 604 414 tepescere,
634 373 689 404 sed
714 374 823 413 pocius
848 384 999 414 operosas
1024 384 1204 414 opponere.
1236 385 1307 405 cum
1332 376 1483 416 expedire
1508 378 1676 418 conspicit,
1712 389 1823 409 manus

183 436 265 456 suas.
312 425 394 456 Sane
419 425 537 455 dudum
562 425 697 465 imperio
722 424 867 455 Romano
901 435 958 465 per
989 424 1109 455 obitum
1139 426 1224 456 clare
1248 428 1401 457 memorie
1427 427 1557 458 Henrici
1581 429 1681 459 ultimi
1704 430 1822 460 Roma-

182 487 292 507 norum
321 477 523 517 imperatoris
546 479 697 509 vacante,
731 476 810 512 duo,
847 476 997 506 videlicet
1027 476 1187 516 quondam
1212 477 1401 508 Fredericus
1425 479 1553 510 Austrie
1588 484 1619 510 et
1644 481 1823 512 Ludovicus

182 534 254 558 tunc
278 529 414 558 Bai-arie
445 528 557 566 duces,
593 528 623 557 in
648 538 742 567 reges
766 527 983 558 Romanorum
1013 529 1043 558 in
1075 527 1233 559 discordia
1264 529 1375 561 electi.
1411 534 1443 559 ut
1471 530 1600 569 dicitur,
1636 534 1821 563 extiterunt:

181 579 361 620 deindeque
396 579 567 610 Frederico
603 578 747 619 predicto
781 578 875 609 rebus
908 579 1055 609 humanis
1097 584 1247 620 exempto
1290 581 1470 611 Ludovicus
1504 582 1665 622 predictus
1694 588 1824 624 propter

182 631 279 671 ipsius
304 641 462 663 excessus,
488 630 613 670 culpaS,
638 630 766 660 erimina
792 634 824 660 et
848 629 910 660 alia
934 629 1090 660 demerita
1115 630 1318 665 detestanda,
1343 633 1432 673 quasi
1457 636 1557 663 totum
1582 634 1744 675 divulgata
1768 646 1824 675 per

181 681 307 720 orbem,
339 693 396 723 per
426 682 527 712 felicis
551 681 781 712 recordationis
809 682 983 712 Iohannem
1013 692 1129 722 papam
1154 682 1267 721 XXII,
1304 683 1565 724 predecessorem
1594 689 1748 720 nostrum,
1785 686 1823 716 de

180 733 311 764 fratrum
336 743 463 764 suorum
479 733 609 764 consilio
627 733 732 763 extitit
756 733 841 763 omni
865 733 941 764 iure.
967 733 990 762 si
1016 732 1100 773 quod
1125 733 1229 764 eidem
1246 734 1409 764 Ludovico
1434 735 1475 765 ad
1492 746 1623 776 regnum
1648 737 1697 767 vel
1722 737 1822 777 impe-

180 785 260 815 rium
284 785 465 815 Romanum
490 796 530 815 ex
553 784 713 815 eleccione
739 783 875 814 discordi
898 783 1042 824 predicta
1066 785 1115 815 vel
1140 784 1219 815 alias
1242 790 1426 826 competere
1444 791 1570 827 poterat
1587 788 1822 828 quoquomodo,

180 836 296 867 iudicio
322 837 404 867 iusto
429 837 570 877 privatus
595 841 626 867 et
647 836 881 876 subsequenter
904 835 943 866 de
966 836 1069 866 heresi
1095 841 1126 866 ct
1143 837 1290 867 scismate
1308 838 1544 869 sentencialiter
1560 839 1819 880 condempnatus.

178 887 245 918 Nos
281 893 388 918 autem
425 887 645 928 postmodum,
681 888 756 917 licet
784 887 1046 917 insufficientibus
1075 889 1210 920 meritis.
1244 888 1284 919 ad
1317 889 1441 929 apicem
1472 891 1586 920 sumini
1626 891 1822 931 apostolatus

179 940 349 980 assumpti.
386 939 604 977 attendentes,
639 939 722 980 quod
754 949 793 969 ex
822 939 870 968 his
900 949 1031 980 regnum
1063 943 1095 969 et
1128 940 1295 980 imperium
1327 940 1470 981 predicta
1499 941 1552 971 ‹liu
1576 946 1766 972 metuerant
1791 951 1821 972 et

178 991 335 1022 vacabant
371 994 402 1022 et
435 991 475 1021 ob
500 991 559 1021 hoc
583 995 690 1021 sancta
717 990 863 1021 Romana
887 996 990 1020 mater
1014 991 1149 1021 ecclesia
1173 1001 1229 1031 per
1253 991 1346 1031 longa
1372 996 1516 1033 tempora
1540 1004 1596 1023 suo
1621 997 1765 1024 caruerat
1790 998 1821 1024 et

178 1043 307 1074 carebat
331 1042 462 1084 speciali
487 1042 642 1073 advocato
668 1046 699 1073 et
729 1042 872 1082 legitimo
903 1041 1072 1072 defensore
1104 1042 1133 1071 in
1163 1042 1318 1073 catholice
1350 1043 1422 1073 fidei
1453 1047 1484 1074 et
1509 1044 1651 1075 ciusdem
1676 1045 1820 1075 Romaiu¹

178 1105 214 1125 ac
244 1095 378 1125 aliarum
412 1095 617 1125 ecclesiarum
652 1100 683 1124 et
714 1093 869 1124 libertatis
900 1094 1116 1124 ecclesiastice
1151 1095 1260 1134 rciqiie
1296 1095 1421 1135 publice
1452 1096 1572 1136 grande
1601 1097 1819 1136 prciudicium.

178 1146 347 1186 multiplex
373 1146 598 1177 detrimentum
623 1149 654 1176 et
679 1145 849 1176 multarum
878 1145 1053 1185 periculum
1085 1146 1277 1183 animarum,
1310 1157 1346 1177 ac
1380 1147 1561 1178 huiusmodi
1592 1147 1765 1188 dispendiis
1790 1155 1820 1178 et

178 1197 337 1238 periculis.
363 1208 424 1238 que
442 1197 591 1228 tollerare
609 1197 695 1227 salva
714 1198 909 1227 consciencia
929 1208 989 1227 non
1008 1200 1191 1237 poteramus
1210 1197 1349 1235 ulterius,
1375 1209 1539 1229 occurrere
1561 1203 1693 1239 paterne
1717 1199 1820 1229 solici-

178 1249 294 1279 tudinis
312 1249 424 1279 studiis
441 1250 614 1290 cupientes.
639 1250 797 1289 principes
819 1253 882 1279 tam
901 1249 1134 1279 ecclesiasticos
1151 1260 1245 1290 quani
1263 1250 1432 1282 seculares.
1457 1250 1496 1281 ad
1514 1261 1593 1291 quos
1617 1251 1664 1280 ius
1681 1251 1818 1291 eligendi

177 1310 287 1341 regem
316 1301 535 1331 Romanorum
568 1301 598 1330 in
629 1301 855 1342 imperatorem
892 1301 1094 1341 postmodum
1128 1302 1379 1341 promovendum
1415 1302 1609 1343 pertinebat,
1645 1303 1817 1343 apostolica

176 1353 365 1383 auctoritate
390 1353 578 1385 monuimus,
603 1353 648 1383 eis
673 1352 849 1383 districcius
873 1353 1088 1392 iniungentes,
1114 1358 1148 1382 ut
1172 1364 1228 1393 pro
1254 1354 1415 1384 eleccione
1441 1355 1524 1393 regis
1548 1354 1765 1384 Romanorum
1790 1355 1819 1384 in

176 1404 413 1444 imperatorem.
438 1408 472 1434 ut
495 1404 677 1444 predicitur.
704 1404 910 1445 promovendi
934 1404 972 1434 dc
995 1415 1131 1444 persona
1155 1404 1269 1435 idonea
1294 1406 1438 1436 facienda
1457 1407 1660 1436 convenirent
1686 1406 1819 1436 invicem

177 1459 208 1486 et
232 1455 272 1486 ad
297 1456 491 1486 eleccionem
516 1455 695 1486 huiusmodi
720 1456 894 1496 procedere
919 1467 980 1486 non
1005 1456 1183 1488 differrent:
1215 1457 1356 1498 alioquin
1385 1458 1558 1498 apostolica
1585 1458 1691 1497 sedes,
1715 1469 1733 1487 a
1758 1468 1819 1498 qua

176 1508 224 1537 ius
249 1510 280 1537 et
304 1512 446 1548 potestas
471 1508 637 1538 electionis
661 1507 843 1538 huiusmodi
867 1507 907 1538 ad
932 1509 1090 1549 principes
1115 1509 1297 1548 pervenisse
1322 1514 1445 1540 constat
1469 1509 1616 1545 eosdem,
1642 1520 1736 1549 super
1760 1509 1818 1539 hoc

175 1558 214 1589 de
233 1563 389 1600 oportuno
411 1559 553 1590 remedio
573 1559 764 1599 prtwidcret.
800 1559 920 1589 Prefati
939 1570 1013 1590 vero
1032 1561 1190 1600 principes
1214 1560 1406 1591 salutaribus
1430 1562 1557 1591 monitis
1581 1562 1695 1591 nostris
1712 1561 1817 1591 liuius-

175 1610 261 1640 modi
291 1610 406 1641 devota
431 1620 463 1641 se
494 1610 745 1651 promptitudine
773 1611 1009 1641 conformantes
1033 1622 1069 1641 ac
1094 1613 1188 1641 certis
1213 1612 1263 1642 die
1289 1616 1319 1642 et
1350 1612 1419 1643 loco
1444 1624 1500 1653 pro
1526 1613 1686 1643 eleccione
1712 1613 1817 1642 huius-

174 1661 260 1692 modi
277 1661 478 1695 c‹.›lebranda,
503 1662 546 1692 illi
565 1662 715 1692 videlicet
733 1663 785 1703 qui
803 1662 994 1694 debuerunt.
1020 1666 1191 1703 potuerunt
1208 1669 1238 1693 et
1256 1664 1422 1694 voluerunt
1440 1665 1603 1702 interesse,
1629 1665 1817 1694 convenien-

176 1718 222 1744 tes
251 1714 281 1744 in
310 1724 405 1744 unum
430 1718 501 1754 post
525 1713 694 1754 diligentes
719 1713 984 1744 deliberationem
1010 1718 1041 1744 et
1065 1719 1234 1746 tractatus.
1263 1720 1355 1756 prout
1381 1716 1458 1745 tanti
1484 1715 1669 1756 magnitudo
1694 1715 1817 1755 negocii

175 1765 375 1806 requirebat.
405 1765 529 1795 habitos
553 1766 634 1796 inter
658 1776 712 1796 eos
744 1770 774 1796 te
803 1766 1020 1796 marchionem
1044 1766 1205 1804 Moravie,
1236 1777 1316 1797 nunc
1347 1768 1442 1797 etiam
1475 1778 1583 1808 regem
1609 1767 1756 1799 Boemie.
1788 1768 1817 1796 in

175 1827 283 1857 regem
308 1817 559 1857 promovendum
585 1817 788 1857 postmodum
814 1819 843 1847 in
865 1818 1091 1858 imperatorem
1110 1818 1327 1849 Romanorum
1352 1820 1542 1849 unanimiter
1566 1822 1596 1849 et
1621 1818 1818 1848 eonem-diter

175 1868 353 1908 clegerunt:
386 1874 482 1909 tuque
514 1868 748 1900 deliberacione
775 1869 883 1900 habita
914 1881 1009 1910 super
1033 1870 1092 1900 hoc
1121 1870 1160 1900 ad
1186 1870 1371 1900 instantiam
1402 1871 1577 1901 electorum
1602 1870 1816 1910 predictorum

175 1924 206 1950 et
231 1920 365 1951 aliorum
390 1921 561 1951 multorum
587 1921 738 1952 eleccioni
763 1921 943 1952 huiusmodi
961 1923 1156 1953 consensisti.
1197 1921 1275 1952 Post
1298 1922 1357 1952 hec
1382 1927 1487 1953 autem
1507 1921 1695 1952 veneramus
1720 1921 1818 1951 frater

175 1974 280 2001 noster
304 1973 460 2002 Amos-tus
489 1972 748 2013 archiepiscopus
773 1973 945 2013 Pragcnsis
977 1981 1006 2003 et
1035 1973 1141 2003 dilecti
1171 1974 1227 2004 filii
1257 1974 1398 2014 magistri
1425 1974 1580 2004 Iohannes
1610 1973 1649 2003 dc
1679 1972 1816 2003 Pistorio

176 2021 314 2053 decanus
344 2024 443 2054 sancti
475 2023 624 2054 Iohannis
648 2024 861 2055 Traiectensis
892 2033 922 2055 et
947 2025 1098 2055 Nic-olaus
1128 2025 1167 2055 (le
1200 2025 1421 2066 Lucemlmrgo
1451 2026 1630 2065 prepositus
1655 2024 1816 2054 Saczensis

174 2074 344 2115 Pragensis
376 2075 511 2106 diocesis
544 2087 579 2106 ac
605 2075 764 2106 Geraldus
793 2076 832 2107 de
857 2076 1013 2117 Magnaco
1037 2076 1279 2107 archidiaconus
1308 2076 1346 2106 de
1380 2076 1533 2106 Bautesio
1563 2074 1816 2106 Constanciensis

174 2125 389 2161 ecclesiarum,
414 2127 569 2167 capellani
587 2128 695 2159 nostri.
720 2138 776 2158 nec
794 2139 855 2158 non
872 2128 986 2159 nobilis
1003 2129 1050 2158 vir
1065 2128 1246 2158 Adcmarus
1271 2128 1329 2159 de‘l
1354 2128 1517 2158 Pictavia*¹
1542 2127 1642 2160 miles.
1667 2137 1815 2167 procura-

174 2180 258 2208 tores
282 2182 313 2208 ct
337 2179 441 2209 nuncii
468 2179 511 2209 tui
535 2178 576 2209 ad
600 2186 739 2210 nostram
764 2181 962 2220 presenciam
988 2190 1083 2220 super
1106 2179 1165 2210 hoc
1190 2179 1350 2210 dcstinati.
1375 2180 1531 2210 habentes
1554 2179 1594 2209 ad
1616 2179 1815 2218 infrascripta

175 2230 279 2259 omnia
311 2229 454 2270 plenum.
485 2230 643 2261 sufficiens
672 2235 703 2261 et
732 2232 872 2271 speciale
900 2231 1102 2264 mandatum.
1133 2233 1213 2261 sicut
1238 2242 1294 2272 per
1319 2236 1464 2271 patentes
1488 2231 1608 2261 litteras
1634 2235 1686 2260 tuo
1710 2230 1814 2270 sigillo

173 2281 310 2311 munitas
333 2281 423 2312 nobis
441 2283 547 2312 extitit
563 2282 645 2313 facta
668 2282 755 2315 fides.
781 2294 888 2314 coram
912 2283 1002 2314 nobis
1027 2288 1059 2314 et
1082 2283 1231 2313 fratribus
1248 2283 1362 2313 nostris
1386 2286 1493 2313 sancte
1510 2282 1655 2312 Romane
1681 2281 1814 2311 ecclesie

173 2332 385 2363 cardinalibus
415 2333 445 2362 in
474 2333 595 2364 solenni
620 2337 652 2364 et
679 2334 807 2375 publico
836 2336 1036 2367 consistorm.
1069 2340 1216 2375 presente
1249 2339 1312 2365 tam
1344 2335 1539 2375 prelatorum
1573 2341 1603 2364 et
1628 2333 1813 2363 clericorum

173 2383 306 2414 aliorum
341 2394 436 2425 quam
465 2384 617 2415 laicorum
652 2385 853 2416 multitudine
885 2387 1013 2426 copiosa
1049 2386 1188 2416 fidelium
1228 2387 1404 2421 constituti,
1441 2396 1497 2426 pro
1532 2389 1622 2425 parte
1657 2388 1708 2414 tua
1734 2384 1814 2413 inter

174 2438 281 2465 cetera
311 2446 490 2476 proponere
520 2442 724 2473 curaverunt,
762 2437 956 2467 eleccionem
989 2437 1028 2468 ad
1058 2448 1167 2478 regem
1198 2437 1414 2468 Romanorum
1448 2437 1486 2467 de
1520 2441 1550 2467 te
1582 2436 1621 2466 ad
1647 2436 1812 2475 imperium

174 2487 376 2526 postmodum
408 2488 625 2528 promovendo
665 2488 704 2518 ab
735 2489 880 2519 omnibus
913 2489 1108 2529 principibus
1144 2495 1215 2520 tunc
1249 2491 1279 2519 in
1310 2489 1470 2520 eleccione
1499 2487 1679 2518 huiusmodi
1702 2497 1811 2516 vocem

173 2536 371 2575 habentibus,
396 2539 465 2577 qui.
490 2543 525 2569 ut
549 2540 716 2580 prefertur.
741 2540 934 2573 debuerunt.
960 2541 1153 2581 potueruntd
1179 2546 1210 2571 et
1234 2541 1401 2571 v‹;›luerunt
1425 2542 1592 2573 interesse,
1618 2539 1713 2568 fuisse
1739 2548 1811 2567 con-

174 2589 311 2620 corditer
334 2600 371 2620 ac
396 2591 586 2621 unanimiter
607 2591 811 2626 celebratam.
837 2597 943 2633 teque,
970 2598 1003 2622 ut
1020 2592 1201 2632 predicitur,
1227 2593 1379 2623 eleccioni
1404 2591 1581 2622 huiusmodi
1606 2590 1809 2622 consensisse,

276 2675 339 2701 10'2.
360 2675 384 2707 d)
403 2685 481 2708 snpra
502 2677 545 2701 lin.
567 2677 627 2701 add.
647 2677 703 2702 BA.

275 2744 299 2776 1)
319 2744 406 2770 Ierem.
421 2749 441 2775 1,
456 2749 493 2770 10.
