2189 2984
179 463 189 479 5

166 717 189 736 10

165 977 188 995 15

164 1230 189 1248 ⁴20

165 1489 189 1508 25

166 1759 191 1777 30

168 2015 191 2034 35

170 2274 195 2292 40

171 2531 194 2549 45

671 145 766 172 ACTA
786 145 897 171 asem
918 143 1052 170 KAROLI
1072 143 1118 170 iv.
1155 144 1228 170 1346.
1266 143 1314 169 ΝΥ.
1330 143 1385 170 126.
1787 150 1848 177 2.,1,

318 233 397 265 Cum
426 233 672 275 gloriosissimus
707 233 852 273 princeps
888 236 919 262 et
954 231 1100 261 dominus
1134 230 1280 261 dominus
1309 231 1446 261 Kal-olus
1474 231 1691 262 Romanorum
1723 243 1849 273 semper

209 290 359 327 augustus
382 285 580 326 Boemieque
604 295 661 315 rex
684 284 819 320 inclitus,
843 284 873 313 in
899 283 1085 314 eorumdem
1108 282 1326 313 Romanorum
1351 292 1460 322 regem
1485 282 1555 312 VI*¹.
1574 283 1643 313 Kal.
1662 283 1848 314 Decembris

211 348 293 368 anno
310 337 439 368 Domini
462 336 630 367 millesimo
649 335 863 366 OOC0XLVI.
889 335 919 365 in
936 335 1050 365 Bunna
1074 334 1179 364 divina
1196 333 1389 374 suffragante
1407 334 1512 374 gracia
1531 338 1709 374 c‹;›1·onatus‚
1735 335 1848 365 00110111

210 389 260 420 die
284 388 465 419 huiusmodi
488 388 705 418 ceronacionis
728 397 783 417 suc
808 386 909 417 felicis
932 386 1022 416 nobis

252 448 490 480 concedendum
508 447 635 478 duxerit
659 451 691 478 et
707 447 898 477 concesserit
921 446 960 477 (le
978 447 1153 476 maiestatis
1177 456 1232 476 sue
1256 446 1344 485 regie
1362 445 1582 475 benivolencia
1600 446 1740 486 speciali,
1766 447 1850 487 quod

252 511 308 531 nos
333 510 442 530 omnes
466 500 631 540 primarias
654 509 766 539 preces
794 509 851 538 per
878 502 1001 528 nostras
1025 499 1186 528 civitatem
1221 500 1253 527 et
1289 497 1477 538 dyoc(esim)
1513 508 1635 527 11001101]
1665 508 1722 538 per
1750 502 1849 529 totam

251 556 390 583 nostram
427 551 620 591 provinciam
649 551 680 580 in
710 550 841 590 singulis
869 552 934 580 tam
965 549 1202 580 cathedralibus
1226 559 1321 589 quam
1352 548 1422 579 aliis
1450 549 1628 589 collegiatis
1658 553 1689 579 et
1713 560 1849 580 eonven-

252 603 388 634 tualibus
413 602 555 633 ecclesiis
584 613 620 633 ac
643 602 843 632 monasteriis
875 602 1038 642 utriusque
1069 611 1164 631 sexus
1194 611 1316 631 necnon
1345 600 1386 630 ad
1410 600 1550 640 prelatos
1579 603 1611 630 ct
1635 611 1850 641 quascumque

251 655 330 685 alias
358 654 588 685 ecclesiasticas
612 664 763 694 personas
791 656 856 684 tam
885 653 1043 683 seculares
1074 663 1169 693 quam
1201 652 1379 693 regulares,
1416 653 1517 682 eciam
1546 653 1569 681 si
1600 652 1772 692 pontificali
1801 653 1850 683 vel

251 706 314 737 alia
336 705 539 747 prefulgeant
563 705 727 746 dignitate,
752 708 817 735 tam
841 716 859 735 a
882 705 948 735 iure
973 714 1069 745 quam
1094 703 1133 734 (10
1151 703 1329 744 approbata
1346 703 1573 734 consuetudine
1592 703 1671 733 divis
1688 704 1850 734 Romano-

252 769 320 788 rum
344 757 488 799 regibus,
517 756 770 788 antecessoribus
793 757 870 795 suis,
905 756 935 786 in
960 755 1143 787 eorumdem
1169 755 1386 786 coronacionis
1411 755 1591 796 primordiis
1626 755 1852 786 inviolabiliter

251 809 420 841 observata
454 809 512 839 sibi
548 812 766 849 competentes
800 808 964 848 porrigere
996 807 1173 843 valeamus,
1216 807 1486 848 quemadmodum
1522 807 1703 837 huiusmodi
1741 818 1851 848 preces

250 862 413 902 porrigere
438 871 495 901 per
519 871 551 891 se
576 864 693 901 posset,
717 861 765 890 1115
789 863 821 890 et
837 862 1029 900 potestatem
1056 859 1155 889 dictas
1179 869 1290 899 preces
1314 859 1483 899 primarias
1506 858 1691 899 porrigendi
1715 858 1787 897 sibi,
1818 863 1852 889 ut

251 913 432 954 predicitur,
457 915 676 952 competentes
700 912 731 942 in
748 914 887 942 nostram
905 921 1073 951 personam
1099 911 1183 941 omni
1200 911 1277 950 iure,
1295 910 1390 940 modo
1416 914 1447 941 et
1464 910 1576 949 forma,
1603 909 1715 950 quibus
1738 911 1852 941 melius

250 965 317 996 fieri
334 965 447 1005 potuit,
466 964 607 1004 plenarie
625 963 856 1002 transfer-ende,
874 962 1028 993 mandans
1046 966 1077 992 et
1093 962 1151 992 sub
1169 962 1301 992 obtentu
1318 963 1424 1002 gracie
1442 972 1498 992 sue
1516 962 1656 992 districte
1674 963 1852 1002 precipiens

251 1016 396 1046 omnibus
431 1018 463 1046 et
491 1015 622 1056 singulis
650 1014 782 1055 prefatis
813 1014 943 1055 prelatis
972 1018 1004 1044 et
1031 1013 1101 1044 aliis
1130 1013 1397 1054 quibuscumque,
1433 1013 1472 1044 ad
1509 1024 1588 1054 quos
1625 1013 1851 1044 beneficiorum

251 1068 537 1098 ecclesiasticorum
577 1066 710 1097 collacio
753 1076 808 1096 scu
843 1065 883 1096 ad
918 1065 1032 1096 eadem
1069 1066 1267 1105 presentacio
1304 1066 1441 1105 pertinet
1484 1068 1516 1095 et
1556 1076 1689 1105 quorum
1725 1066 1852 1096 racione

251 1119 406 1150 dictarum
430 1118 651 1159 primariarum
676 1128 805 1158 precum
830 1117 1009 1148 interfuerit
1032 1117 1081 1147 vel
1107 1118 1260 1147 interesse
1292 1117 1408 1157 poterit
1437 1117 1467 1146 in
1498 1116 1652 1155 futurum,
1684 1120 1718 1146 ut
1745 1117 1851 1147 liuius-

252 1171 337 1201 modi
362 1171 527 1211 primarias
551 1181 662 1211 preces
686 1181 742 1210 per
766 1181 822 1200 nos
847 1171 921 1210 ipsis
940 1169 1148 1210 porrigendas
1164 1170 1230 1199 sinc
1249 1168 1500 1199 001111111110110110
1518 1169 1662 1209 qualibet
1680 1169 1853 1199 exaudiant

252 1227 283 1254 ct
307 1222 486 1260 admittant,
511 1233 547 1253 ac
571 1223 595 1252 si
613 1222 696 1252 dicte
721 1233 831 1262 preces
855 1233 911 1262 1101·
936 1222 1053 1252 dictum
1077 1221 1239 1252 dominum
1265 1231 1375 1261 regem
1400 1221 1474 1261 ipsis
1498 1220 1640 1250 exhibite
1658 1220 1773 1251 fuerint
1797 1232 1852 1251 seu

252 1278 408 1315 porrecte,
433 1273 511 1304 dans
535 1284 605 1304 cum
634 1274 693 1304 hoc
722 1277 753 1305 ct
782 1273 960 1304 concedens
990 1273 1080 1304 nobis
1111 1283 1201 1303 suam
1230 1273 1407 1313 plenariam
1436 1272 1557 1313 regiam
1588 1276 1794 1312 potestatem,
1818 1276 1853 1303 ut

251 1326 387 1357 rebelles
411 1325 452 1356 ad
476 1325 710 1356 exaudiendum
735 1328 766 1356 et
789 1324 1022 1355 admittendum
1048 1324 1189 1365 prefatas
1213 1334 1324 1364 preces
1349 1335 1406 1364 per
1430 1334 1486 1353 nos
1506 1324 1715 1364 porrigendas
1739 1324 1851 1354 coher-

251 1389 322 1409 cere
348 1381 380 1408 et
396 1377 589 1418 compellere
606 1378 778 1413 valeamus,
803 1376 1176 1418 quemadmodumidem
1194 1376 1340 1406 dominus
1364 1387 1420 1406 rex
1442 1376 1548 1406 faeere
1573 1379 1680 1416 posset
1705 1378 1736 1405 ct
1761 1380 1853 1415 prout

252 1431 283 1460 in
307 1429 422 1460 talibus
445 1429 570 1460 casibus
593 1429 809 1460 Romanorum
835 1439 927 1470 reges
951 1428 1122 1459 cohercere
1147 1433 1177 1459 et
1202 1427 1395 1468 compellere
1426 1431 1574 1468 poterant
1599 1430 1630 1457 et
1654 1427 1753 1457 eciam
1779 1438 1852 1457 eon-

252 1484 430 1517 sueverunt,
455 1481 564 1511 volens
587 1481 818 1517 nichilominus,
843 1480 938 1521 qumi,
963 1481 987 1510 si
1013 1491 1069 1521 per
1094 1480 1365 1520 importunitatem
1384 1479 1565 1520 petencium
1582 1479 1631 1509 vel
1656 1479 1718 1509 alio
1744 1479 1855 1519 quovis

253 1532 347 1563 niodo
382 1533 413 1563 111
449 1533 580 1572 prefatis
614 1532 758 1563 ecclesiis
793 1543 848 1563 5011
884 1532 1085 1562 monasteriis
1120 1531 1160 1562 ad
1195 1532 1334 1572 prelatos
1371 1537 1402 1562 ct
1436 1542 1587 1571 personas
1622 1530 1855 1560 ecclesiasticas

252 1584 412 1625 predictas
436 1584 585 1621 civitatis,
611 1583 754 1624 dyocesis
779 1588 810 1614 et
835 1583 995 1624 provincie
1022 1588 1199 1613 nostrarum
1231 1584 1454 1623 premissarum
1485 1583 1515 1612 in
1545 1582 1754 1622 preiudicium
1779 1593 1852 1612 con-

253 1636 403 1666 cessionis
426 1635 516 1665 nobis
541 1635 624 1665 facte
650 1646 706 1676 pro
730 1635 836 1676 aliquo
861 1635 1040 1665 huiusmodi
1065 1635 1231 1675 primarias
1262 1644 1373 1674 preces
1404 1635 1597 1674 porrexerit,
1630 1634 1660 1663 id
1690 1638 1853 1674 tamquam

254 1698 309 1728 per
326 1687 569 1728 subrepcionem
587 1687 750 1717 obtentum
776 1698 845 1717 0550
862 1686 1036 1717 invalidum
1061 1690 1093 1717 et
1109 1687 1224 1716 nullius
1243 1686 1360 1717 habere
1378 1685 1495 1716 debeat
1520 1685 1643 1716 roboris
1661 1686 1853 1724 firmitatem,

210 1752 304 1788 prout
328 1748 481 1788 premissa
506 1750 616 1788 patent
639 1748 762 1788 plenius
786 1749 816 1778 in
834 1748 946 1778 litteris
970 1749 1033 1778 suis
1050 1748 1145 1785 regiis
1163 1747 1395 1787 511110101511011]
1414 1746 1566 1776 confectis
1591 1745 1680 1775 nobis
1705 1746 1744 1776 de
1770 1747 1853 1775 iussu

209 1810 265 1830 5110
290 1799 413 1830 traditis
437 1799 541 1839 sigillo
566 1809 620 1829 sue
639 1800 726 1839 regie
744 1799 938 1829 celsitudinis
955 1800 1166 1835 0011111111111115,
1212 1809 1268 1828 1105
1290 1799 1385 1837 igitur
1402 1798 1638 1828 concessionem
1664 1801 1695 1827 et
1712 1798 1853 1836 graciam

210 1852 380 1891 premissas
396 1850 486 1881 nobis
504 1851 604 1881 factas
627 1850 667 1881 ad
685 1850 833 1881 effectum
858 1851 1000 1881 debitum
1017 1850 1176 1881 deducere
1194 1851 1357 1890 cupientes
1375 1849 1523 1879 devotam
1540 1853 1678 1879 nostram
1704 1848 1853 1879 dilectam

210 1902 327 1933 Dinam
351 1905 458 1933 natam
483 1901 620 1933 Conradi
646 1902 720 1933 dicti
744 1903 904 1938 Hudeler,
937 1904 1024 1933 cuius
1048 1903 1285 1943 11101110010110111
1318 1902 1357 1932 011
1388 1901 1555 1942 probitatis
1580 1911 1702 1930 morum
1734 1904 1765 1930 et
1789 1901 1852 1931 vite

210 1954 410 1985 honestatem
435 1954 557 1984 sincere
582 1954 755 1994 diligimus,
780 1954 870 1985 vobis
895 1956 1011 1985 virtute
1037 1954 1121 1985 dicte
1146 1954 1357 1984 concessionis
1381 1953 1471 1983 nobis
1496 1954 1579 1982 facte
1604 1952 1851 1992 presentandam

211 2005 358 2036 duximus
390 2009 421 2036 et
452 2005 653 2046 presentibus
684 2009 921 2046 presentamus,
952 2010 1115 2047 rogantes,
1147 2010 1312 2036 monentes
1348 2009 1379 2035 et
1418 2005 1615 2044 requirentes
1644 2004 1851 2034 dovor-ionem

211 2060 349 2087 vestram
374 2058 544 2095 attencius,
575 2057 664 2087 vobis
689 2058 908 2088 nichilominus
933 2059 1123 2088 auctoritate
1152 2058 1251 2098 regali
1281 2057 1404 2097 prefata
1434 2056 1646 2096 precipientes
1671 2055 1852 2093 districtius,

211 2112 245 2138 ut
268 2108 443 2149 predictam
468 2108 583 2139 Dinam
609 2109 648 2138 ob
674 2113 850 2140 nostrarum
875 2110 971 2140 immo
997 2110 1106 2150 pocius
1138 2109 1292 2149 regalium
1324 2108 1543 2148 primariarum
1570 2117 1699 2147 precum
1723 2111 1755 2137 et
1779 2107 1853 2136 iuris

212 2161 299 2201 regni
323 2160 541 2191 Romanorum
566 2161 780 2191 reverenciam
805 2162 977 2201 specialem
1002 2163 1031 2191 in
1050 2164 1187 2192 vestram
1212 2164 1244 2191 et
1260 2161 1355 2190 vestri
1373 2160 1556 2190 monasterii
1581 2159 1742 2199 recipiatis
1766 2169 1852 2189 eom-

213 2212 402 2242 monacham
431 2216 462 2243 et
490 2223 630 2243 sororem
656 2212 778 2253 sibique
807 2218 841 2243 ut
865 2213 956 2244 alteri
989 2214 1063 2244 dieti
1092 2214 1187 2244 vestri
1216 2213 1398 2243 monasterii
1436 2210 1590 2241 monache
1622 2214 1654 2240 et
1682 2211 1781 2240 sorori
1812 2210 1852 2240 de

214 2263 433 2294 communibus
462 2263 666 2304 proventibus
694 2264 889 2304 provideatis
918 2266 1084 2305 ipsamque
1113 2266 1235 2295 sincera
1266 2265 1295 2294 in
1327 2264 1454 2294 domino
1484 2263 1616 2293 caritate
1642 2263 1852 2302 pertractetis,

212 2315 259 2345 ius
282 2318 423 2345 nostrum
440 2316 490 2346 vel
515 2316 624 2356 pocius
648 2317 764 2356 prefati
781 2318 972 2347 serenissimi
998 2318 1081 2357 regis
1105 2320 1136 2347 et
1153 2317 1241 2356 regni
1259 2316 1474 2346 Romanorum
1500 2324 1536 2344 ac
1555 2314 1712 2354 prefatam
1736 2313 1852 2343 bonam

213 2366 473 2398 consuetudinem
489 2367 595 2397 taliter
612 2369 775 2405 servaturi,
800 2368 882 2409 quod
910 2369 999 2399 nobis
1015 2372 1152 2399 vestram
1171 2368 1391 2399 obedienciam
1410 2370 1441 2396 et
1457 2366 1645 2396 fidelitatem
1663 2365 1703 2395 ad
1721 2375 1851 2405 regnum

213 2417 429 2448 Romanorum
455 2422 486 2449 et
510 2429 598 2449 suam
624 2429 793 2459 personam
817 2420 1114 2450 commendantibus
1138 2421 1206 2450 iura
1229 2423 1343 2455 vestra,
1369 2418 1535 2448 libert-ates
1561 2420 1593 2446 et
1617 2417 1740 2457 gracias
1765 2415 1853 2445 vobis

215 2472 246 2499 et
270 2469 394 2509 prefato
418 2471 611 2500 monasterio
630 2470 835 2501 Smerlebach
861 2482 879 2502 a
903 2482 992 2502 sacro
1010 2472 1144 2512 imperio
1162 2481 1329 2502 concessas
1345 2471 1447 2510 ipsum
1467 2469 1607 2499 delectet
1632 2478 1692 2497 non
1710 2468 1851 2497 minuere

214 2520 269 2550 sed
302 2530 435 2561 augere,
470 2526 502 2551 et
537 2532 593 2551 nos
628 2523 729 2552 eciam
762 2533 817 2553 vos
854 2526 886 2553 et
921 2523 1039 2553 dictum
1067 2528 1206 2553 vestrum
1236 2522 1461 2553 monasterium
1492 2521 1654 2560 oportunis
1683 2519 1796 2559 graciis
1821 2521 1852 2547 et

213 2571 372 2602 favoribus
404 2573 551 2613 prosequi
588 2574 702 2603 merito
737 2573 920 2604 debeamus.
967 2575 1003 2605 In
1039 2575 1126 2605 cuius
1161 2575 1205 2604 rei
1246 2573 1461 2604 testimonium
1503 2578 1682 2611 presentem
1712 2570 1848 2599 1111011111]

215 2622 346 2652 fecimus
370 2623 465 2663 sigilli
489 2624 585 2653 nostri
610 2625 805 2664 appensione
830 2626 953 2655 muniri.

320 2691 438 2721 Datum
474 2693 504 2722 in
539 2696 641 2722 castro
676 2692 829 2723 Nassowe
858 2704 940 2724 anno
976 2693 1103 2724 Domini
1138 2693 1307 2723 millesimo
1347 2691 1571 2722 trecentos-nno
1608 2688 1849 2728 quadragesii‘no

216 2742 361 2782 septimo,
386 2744 454 2783 ipsa
478 2743 528 2773 die
554 2745 694 2784 corporis
718 2744 844 2775 Christi.

318 2818 354 2835 LL.
368 2818 579 2836 coxsri‘rv'rloxsss
593 2819 648 2836 vm.
1618 2808 1649 2831 '37
