2189 2984
155 680 178 698 10

156 938 178 955 15

155 1191 179 1210 20

153 1448 178 1467 25

155 1709 179 1726 :io

154 1965 178 1984 35

153 2222 179 2240 40

154 2477 178 2495 45

657 83 753 110 ACTA
774 83 886 109 REGNI
906 83 1041 108 KAROLI
1064 83 1108 108 IV.
1147 83 1221 110 1:348.
1259 84 1379 110 N1-.:·›S§›.
1787 90 1848 118 595

199 171 364 202 editionem
392 171 426 201 m
449 165 588 209 sequenti
611 172 689 200 tomo
713 169 938 207 publicandam
964 169 1026 198 ἰαηι
1051 169 1245 207 paravimus.
1296 170 1343 207 Cf.
1367 171 1462 201 ctiam
1486 171 1608 202 litteras
1631 173 1746 203 Karoli
1769 174 1850 213 rcgsls

199 233 228 252 α.
244 221 336 252 1349.
362 222 454 252 datas
478 221 551 260 Περ.
579 221 649 259 imp.
671 220 760 251 VIII
778 230 826 250 nr.
844 221 908 250 877
930 222 959 250 et
984 220 1075 257 1096,
1099 221 1171 250 item
1194 221 1229 251 ’ἱη
1252 223 1331 251 tomo
1356 221 1416 252 IX.
1442 223 1541 253 denno
1565 223 1708 256 edendas.

304 306 509 337 Baldewinus
525 306 586 336 Dei
610 306 712 346 gratia
736 307 844 335 sancte
861 305 1068 336 Treverensis
1092 305 1226 336 ecclesie
1244 306 1514 347 archiepiscopus,
1539 310 1618 339 sacri
1644 310 1768 350 imperii
1795 322 1850 351 per

200 358 338 389 Galliam
363 357 671 395 archicancellarius,
696 356 800 386 locum
825 359 936 386 tenens
953 357 1173 397 gloriosissimi
1199 358 1349 398 principis
1366 357 1485 388 domini
1503 358 1613 389 Karoli
1631 360 1848 393 Rsnnanorum

197 410 283 449 regis
308 414 340 440 et
363 419 490 450 semper
513 409 640 449 augusti
653 409 673 443 1,
699 407 817 438 domini
843 411 874 437 et
898 409 1023 448 nepotis
1047 409 1094 438 sui
1118 407 1287 447 karissimi,
1316 408 1355 438 ad
1381 420 1511 450 presens
1542 412 1571 440 in
1598 413 1727 442 remotis
1751 424 1848 453 agen-

198 461 258 492 tis2
340 460 497 501 religiosis
515 460 588 489 viris
605 459 811 499 P(ar)cen(si)
828 462 859 489 et
876 459 1105 490 Heleehinensi
1122 483 1128 489 .
1144 484 1150 490 .
1169 459 1341 490 abbatibus
1358 460 1476 491 ordinis
1494 461 1848 505 Preinonstratensium,

199 512 299 542 sancti
324 511 433 542 Iacobi
450 511 572 552 Frigidi
589 511 706 541 Montis
730 511 760 540 in
777 511 941 550 Bruxella,
966 514 1073 541 sancte
1091 510 1258 541 Gertrudis
1283 512 1313 541 in
1330 512 1472 542 Lovanio
1492 537 1496 542 .
1516 536 1522 542 .
1539 515 1707 554 prepositis
1732 516 1850 546 ordinis

198 564 300 594 sancti
323 563 503 605 Augustini,
533 563 668 593 strenuis
692 563 766 592 viris
796 562 924 592 domino
950 562 1096 593 NValtero
1129 562 1168 593 de
1200 563 1308 593 llanut
1340 563 1441 603 militi,
1472 564 1662 595 (¹lerebaldo
1697 566 1736 596 (10
1765 567 1850 597 Lens

199 619 230 647 et
254 616 422 646 willermo
447 614 629 645 Landnensi
653 614 819 654 armigeris
843 624 879 644 ae
910 614 980 644 aliis
1008 614 1162 644 universis
1188 638 1218 644 ,.
1243 614 1425 650 abbatibus,
1458 616 1588 656 prelatis
1617 617 1849 653 ecclesiasticis,

198 667 384 705 baronibus,
424 665 590 702 militibus,
632 665 755 696 clericis
789 668 821 695 et
852 665 951 705 laycis
989 666 1215 706 cuiuscumque
1247 665 1436 696 conditionis
1467 667 1695 705 existentibus,
1735 669 1850 709 prefati

198 718 317 749 domini
342 718 426 758 regis
450 717 668 748 Romanorum
693 717 837 755 subditis,
862 717 902 747 ad
928 728 1006 757 quos
1030 721 1197 758 presentes
1221 717 1327 747 littere
1353 719 1567 758 pervenerint,
1659 720 1795 751 salutem
1820 725 1850 752 et

198 780 291 800 omne
317 769 433 799 bonum
459 772 490 799 et
513 768 672 799 mandatis
696 769 769 807 suis,
794 779 899 808 ymmo
926 769 1032 798 verius
1056 769 1162 808 regiis,
1187 768 1325 799 fideliter
1349 768 1489 799 obedire.

307 819 387 850 Cum
411 820 540 850 illustris
564 820 712 860 princeps
737 820 882 850 dominus
899 819 1060 850 Iohannes
1084 820 1149 850 dux
1167 820 1391 860 Lotl1›1·(ingie),
1418 820 1602 856 Brabantie,
1628 822 1849 864 Lymbfflrgie)

197 873 342 913 sacrique
366 872 491 912 imperii
510 871 661 908 marchio,
687 872 939 911 consanguineus
965 874 1072 901 noster
1096 871 1240 909 dilectus,
1266 882 1283 902 a
1308 872 1498 912 quibusdam
1516 874 1762 912 gravaminibus,
1789 886 1850 916 que

199 925 266 964 ipse
293 923 357 954 dux
381 923 440 953 sibi
465 924 494 952 in
519 923 662 963 personis
687 933 814 953 suorum
840 922 1038 953 subditorum
1065 934 1122 963 per
1147 923 1362 953 venerabilem
1393 924 1422 953 in
1448 923 1573 954 Christo
1599 928 1722 964 patrem
1749 926 1850 957 domi-

197 986 271 1005 num
288 974 546 1015 Eng(elbertum)
565 975 752 1014 episcopum
768 974 993 1009 Leodiensem,
1019 975 1289 1013 consanguineum
1317 980 1456 1005 nostrum
1481 975 1642 1013 (1110010111,
1669 988 1738 1007 esse
1764 978 1851 1009 illata

198 1027 273 1057 dicit
297 1032 329 1056 et
353 1026 492 1063 deducit,
520 1029 630 1056 contra
655 1025 792 1055 eundem
821 1026 1007 1066 episcopum
1039 1027 1162 1056 ratione
1191 1037 1319 1057 snorum
1352 1027 1576 1067 temporalium
1606 1027 1690 1058 dicto
1721 1028 1850 1059 domino

197 1079 265 1118 regi
284 1076 526 1119 [Roman]ormn
551 1077 728 1107 subiectum
753 1080 865 1117 utpote
892 1089 910 1107 a
936 1088 1033 1117 regno
1059 1088 1114 1107 seu
1141 1078 1275 1118 imperio
1294 1078 1513 1109 Romanorum
1533 1079 1785 1119 dependentium
1810 1081 1851 1112 ad

197 1140 307 1170 regem
339 1129 531 1170 predictum,
571 1129 599 1158 in
631 1132 784 1169 quantum
816 1129 918 1169 ipsum
952 1130 1053 1169 tangit
1085 1129 1144 1159 1100
1173 1130 1357 1170 negocium,
1395 1134 1547 1171 tanquam
1580 1131 1677 1171 ipsius
1709 1133 1851 1173 episcopi

199 1181 398 1221 superiorem
427 1182 550 1211 ratione
580 1180 736 1210 dictorum
766 1181 991 1221 temporalium
1020 1180 1244 1221 appellzwerit.
1274 1184 1367 1221 prout
1397 1182 1497 1221 prima
1528 1182 1608 1212 faeie
1639 1184 1787 1223 apparuit
1811 1195 1850 1214 ex

198 1233 336 1273 quedam
365 1233 574 1263 instrumento
606 1231 753 1272 publico³
779 1242 885 1262 coram
915 1232 1006 1262 nobis
1041 1243 1097 1272 per
1132 1232 1305 1262 discretum
1336 1233 1436 1263 virum
1470 1233 1647 1263 Mnoldum
1682 1245 1851 1274 personam

198 1288 386 1325 personatus
411 1284 449 1315 (10
474 1283 747 1325 Β1115111013110114,
774 1283 848 1313 dieti
874 1283 994 1313 domini
1019 1283 1107 1314 ducis
1132 1288 1383 1324 proeuratorem.
1414 1285 1541 1314 nomine
1572 1285 1670 1325 ipsius
1701 1296 1850 1326 procura-

198 1336 278 1367 torio
304 1335 459 1373 exhibito,
484 1335 566 1365 10010
592 1338 624 1365 et
646 1346 705 1375 per
728 1346 785 1365 nos
810 1334 919 1365 audito
944 1338 976 1365 et
1001 1335 1174 1371 intellecto,
1209 1346 1344 1376 eumque
1370 1335 1454 1366 dicto
1480 1337 1683 1366 serenissimo
1710 1339 1850 1378 principe

198 1387 327 1418 domino
352 1387 472 1417 Karolo
498 1386 714 1417 Romanorum
745 1398 837 1427 rege,
868 1391 902 1417 111
927 1387 1134 1427 premittitur,
1165 1388 1194 1417 111
1225 1389 1355 1418 remotis
1386 1391 1503 1428 agente.
1533 1388 1636 1418 dictus
1666 1394 1852 1429 procurator

198 1440 324 1469 nornine
349 1449 410 1480 quo
436 1449 531 1479 supra
554 1438 595 1468 ad
618 1449 675 1468 nos
693 1462 699 1469 .
719 1463 723 1468 .
742 1439 1018 1479 arehiepiscopum
1038 1439 1215 1479 predictum
1242 1443 1393 1479 tanquam
1414 1439 1547 1479 predicti
1566 1440 1650 1480 regis
1674 1441 1704 1470 111
1723 1442 1851 1471 remotis

195 1492 320 1531 agentis
354 1490 458 1520 10011111
493 1493 525 1520 et
553 1490 637 1520 vices
670 1493 832 1520 tenentem
864 1501 920 1530 pro
957 1490 1138 1520 huiusmodi
1175 1490 1405 1531 appellaeiouis
1442 1492 1668 1531 prosecutione
1704 1492 1850 1523 findenda

196 1552 376 1583 regressum
401 1541 548 1572 habuerit
572 1541 726 1581 nobisque
756 1545 789 1571 ut
820 1542 874 1571 tali
907 1541 1023 1571 dietam
1055 1541 1305 1582 appellationem
1338 1543 1570 1582 presentavorit
1602 1549 1633 1572 ct
1667 1554 1720 1572 uos
1751 1545 1851 1584 prima

195 1594 276 1624 facie
301 1593 341 1623 <le
366 1603 405 1623 ea
429 1604 486 1633 per
510 1593 628 1623 dictum
654 1594 896 1623 instrumentum
923 1593 1140 1623 inf‹i›rmaverit
1165 1593 1329 1634 nobisque,
1355 1598 1388 1623 ut
1412 1594 1442 1623 in
1467 1595 1600 1634 negocio
1626 1595 1851 1635 appellationis

195 1644 377 1675 huiusmodi
408 1656 465 1685 per
495 1645 637 1675 tramites
666 1645 788 1674 iusticie
818 1644 992 1685 procedere
1018 1646 1085 1675 vice
1111 1649 1142 1675 et
1167 1646 1358 1675 auctoritate
1386 1646 1474 1685 regia
1498 1646 1667 1683 vellemus,
1699 1647 1852 1677 instanter

198 1696 437 1737 supplicaverit,
540 1706 597 1725 nos
627 1695 808 1726 huiusmodi
837 1696 1060 1736 supplicationi
1090 1697 1230 1726 inelinati
1265 1698 1455 1727 auctoritate
1487 1700 1518 1727 01
1549 1697 1617 1727 vice
1651 1698 1753 1737 regia,
1788 1709 1850 1738 qua

198 1748 359 1788 fungimur
382 1747 412 1777 in
436 1751 526 1787 parte
551 1748 624 1781 ista,
650 1748 680 1776 111
705 1747 765 1777 1100
790 1748 922 1787 negocio
949 1748 1124 1788 procedere
1154 1752 1185 1777 01
1209 1748 1390 1779 huiusmodi
1417 1759 1583 1789 processus
1613 1749 1708 1778 nostri
1739 1750 1778 1779 al·
1813 1761 1851 1780 ea

198 1804 288 1840 parte
321 1798 415 1829 edicti
444 1809 505 1840 que
536 1803 583 1829 est
611 1799 651 1829 de
682 1800 713 1829 in
743 1799 791 1828 ius
822 1799 988 1829 voeando⁵
1014 1799 1180 1829 exordium
1214 1811 1339 1830 sumere
1370 1800 1512 1830 volentes
1545 1800 1633 1829 vobis
1662 1807 1693 1829 et
1722 1801 1852 1831 cuilibet

198 1854 352 1889 vestrum,
384 1851 435 1891 qui
460 1861 478 1880 a
502 1850 629 1889 lattore)
655 1851 850 1890 presentium
875 1861 971 1891 super
996 1851 1054 1881 hoc
1079 1851 1201 1881 fueritis
1225 1851 1382 1892 requisiti,
1415 1852 1605 1881 auctoritate
1631 1856 1662 1881 01
1687 1852 1753 1882 vice
1778 1863 1850 1892 pre-

199 1901 283 1932 dicta
307 1902 363 1932 sub
389 1901 497 1932 debito
522 1901 685 1932 fidelitatis
709 1905 828 1940 vestre,
860 1913 921 1942 qua
950 1913 1038 1933 sacro
1064 1904 1197 1943 imperio
1222 1903 1288 1933 sive
1313 1913 1411 1941 regno
1441 1903 1560 1933 astricti
1590 1904 1679 1939 estis,
1710 1903 1850 1933 districte

198 1952 404 1994 precipiendo
422 1952 620 1992 mandamus,
645 1957 801 1994 quatenus
818 1964 883 1988 vos,
909 1955 961 1994 qui
986 1964 1082 1994 super
1105 1954 1174 1987 hoe,
1198 1958 1232 1984 ut
1256 1955 1459 1995 premittitur,
1484 1966 1502 1984 11,
1527 1954 1628 1984 latore
1653 1956 1849 1995 presentium

197 2005 341 2046 requisiti
370 2004 505 2039 fueritis,
536 2005 580 2035 ita
609 2004 693 2045 quod
723 2005 804 2035 alter
828 2008 966 2036 vestrum
995 2005 1130 2036 alterum
1159 2016 1220 2036 non
1246 2010 1396 2046 expectet
1424 2007 1453 2035 in
1478 2006 1538 2035 hiis
1563 2006 1776 2046 exequendis,
1809 2006 1849 2036 ad

198 2056 391 2096 presentiam
420 2055 494 2086 dicti
528 2055 648 2086 domini
673 2080 703 2086 ..
729 2057 871 2097 episcopi
902 2057 1105 2095 Leodiensis,
1141 2058 1166 2087 si
1201 2058 1268 2087 eius
1300 2058 1493 2098 presentiam
1527 2057 1694 2087 commode
1728 2057 1846 2087 habere

198 2108 355 2148 poteritis,
384 2107 524 2148 alioquin
554 2108 595 2138 ad
626 2108 795 2138 ecelesiam
825 2108 1037 2139 Leodiensem
1068 2108 1260 2139 aecedentes
1288 2109 1495 2149 solempniter
1525 2109 1630 2148 palam
1662 2113 1693 2137 et
1723 2108 1848 2148 publice

197 2159 254 2189 sub
280 2159 461 2189 testimonio
479 2160 674 2200 competenti
699 2159 816 2190 dictum
835 2159 996 2190 dominum
1015 2186 1020 2192 .
1040 2185 1045 2190 .
1064 2161 1250 2201 episcopum
1268 2160 1480 2191 Leodiensem
1506 2160 1721 2200 peremptorie
1746 2160 1850 2189 citetis

198 2209 344 2241 Treveris
368 2210 408 2240 ad
433 2209 517 2241 diem
542 2211 734 2241 tricesimam
759 2214 884 2241 sextam
908 2222 926 2241 a
951 2211 1002 2242 die
1019 2212 1217 2242 executionis
1241 2202 1424 2242 huiusmodi
1446 2211 1604 2241 citationis
1629 2211 1711 2241 fliete
1737 2221 1848 2240 11111110-

196 2261 327 2291 randam
356 2271 412 2292 seu
441 2262 703 2302 computandam,
734 2263 759 2292 si
785 2262 852 2292 dies
882 2262 995 2293 feriata
1020 2273 1080 2293 non
1105 2263 1214 2301 fuerit,
1246 2263 1387 2304 alioquin
1416 2262 1457 2292 ad
1489 2262 1572 2292 diem
1607 2272 1667 2292 non
1698 2262 1844 2291 feriatam

197 2313 376 2352 proximam
400 2312 473 2343 inde
498 2316 699 2354 sequentem,
724 2314 769 2344 ita
792 2317 909 2349 tamen,
940 2314 1025 2355 quod
1049 2315 1197 2345 executio
1221 2314 1365 2355 predicta
1390 2315 1433 2344 im
1458 2314 1647 2353 tempestive
1672 2313 1736 2346 fiat,
1762 2312 1847 2353 quod

197 2365 348 2394 terminus
381 2364 562 2395 huiusmodi
593 2366 752 2395 citationis
785 2366 901 2396 festum
933 2365 1019 2396 beati
1049 2366 1189 2406 Remigii
1222 2367 1367 2406 proxime
1404 2368 1571 2395 venturum
1602 2375 1664 2394 non
1700 2363 1847 2401 excedat,

197 2425 304 2445 coram
328 2415 418 2445 nobis
442 2426 497 2446 seu
522 2416 576 2446 illo
600 2416 651 2446 vel
675 2417 750 2451 illis,
775 2427 870 2457 quem
895 2417 945 2447 vel
971 2427 1050 2457 quos
1074 2417 1115 2447 ad
1140 2417 1212 2454 1100,
1246 2418 1270 2446 si
1295 2423 1428 2457 protunc
1454 2427 1509 2446 nos
1534 2426 1552 2445 a
1576 2416 1703 2445 civitate
1729 2414 1848 2445 Treve-

198 2467 281 2496 rensi
306 2466 418 2497 abesse
443 2468 628 2508 contigerit,
659 2467 936 2508 deputaverimus:
966 2479 1062 2508 quem
1095 2471 1126 2498 et
1150 2479 1206 2498 nos
1230 2468 1271 2498 ad
1296 2468 1381 2498 diem
1406 2467 1622 2508 supradictam
1656 2467 1789 2496 citamus
1818 2467 1846 2495 iu

197 2516 256 2547 hiis
281 2518 405 2558 scriptis
429 2518 470 2548 ad
494 2518 732 2559 procedendum
758 2529 816 2559 per
839 2529 882 2558 se,
907 2519 1004 2549 alium
1029 2519 1079 2549 vel
1103 2519 1182 2549 alios
1206 2519 1365 2560 ydoneum
1390 2519 1439 2548 vel
1464 2518 1606 2558 ydoneos
1630 2517 1848 2557 responsalem

197 2568 246 2598 vel
264 2569 464 2609 responsales
488 2580 558 2600 cum
583 2570 667 2600 dieta
692 2574 781 2610 parte
800 2570 982 2610 appellante
1007 2570 1037 2599 in
1054 2570 1188 2610 negocio
1206 2570 1436 2611 appellaeionis
1459 2569 1602 2609 predicte
1627 2572 1658 2598 et
1682 2568 1721 2598 ad
1740 2568 1848 2598 viden-

302 2654 326 2679 1'›
348 2653 374 2679 V.
388 2661 471 2685 supra
484 2662 526 2679 ur.
536 2658 590 2679 144.
607 2659 657 2680 145.
672 2657 729 2680 489.
800 2654 826 2686 2)
847 2654 969 2679 Karolns
982 2662 1028 2679 rea:
1041 2657 1104 2679 tunc
1116 2656 1238 2686 temporis
1252 2655 1281 2679 in
1293 2655 1420 2680 alm-aria
1434 2657 1498 2680 erat,
1569 2653 1596 2681 3)
1617 2653 1695 2685 Qum]
1708 2662 1759 2676 mm
1774 2652 1849 2676 halw-

198 2704 263 2721 mzts.
335 2698 360 2722 4·
384 2696 424 2727 Cf.
437 2697 566 2722 Analecttt
584 2697 842 2730 l'at'icaizo-Belyica
853 2697 871 2722 I
882 2697 970 2729 (1906)
985 2705 1024 2722 nr.
1038 2701 1104 2723 1557
1114 2705 1173 2723 cnm
1188 2700 1259 2728 nota,
1280 2698 1325 2722 IV
1336 2701 1422 2729 (1910)
1437 2705 1476 2722 nr.
1490 2700 1540 2722 710.
1606 2697 1631 2727 ἶ»)
1648 2696 1686 2726 Cf.
1700 2695 1760 2727 Das.
1774 2694 1815 2723 ΙΙ,
1830 2698 1847 2719 1,

1593 2747 1641 2772 75*

1874 2357 1930 2376 1:343.

1865 2384 1911 2401 oct.
1925 2384 1941 2402 1.
