2189 2984
151 712 174 731 10

149 969 171 987 15

148 1233 171 1252 2⁰

147 1493 170 1513 25

147 1750 171 1769 30

148 2014 171 2033 35

148 2270 173 2288 40

148 2534 172 2552 45

667 147 763 174 ACTA
782 147 895 174 REGNI
914 145 1050 173 KAROLI
1070 146 1117 173 IV.
1156 146 1230 172 1346.
1266 147 1313 173 ΝΥ.
1328 148 1385 172 111.
1789 156 1846 185 157

305 233 376 272 (IV)
401 233 552 264 Ceterum
581 234 657 264 licet
686 233 923 264 consuetudinis
952 243 1091 274 ususque
1120 232 1249 273 longevi
1279 244 1339 264 non
1371 236 1410 265 sit
1440 236 1517 266 levis
1550 238 1735 277 auotoritas,
1766 239 1851 269 adeo

196 287 304 316 tamen
327 295 389 316 non
414 284 543 316 debebit
572 295 629 315 nec
653 285 770 325 poterit
800 295 869 315 esse
898 284 1047 323 valitura,
1081 288 1116 314 ut
1144 285 1304 316 racionem
1329 287 1455 316 vincat¹
1483 287 1535 318 vel
1563 288 1691 318 utilitati
1721 289 1847 330 publice

196 336 388 377 preferatur:
418 336 502 367 unde
527 336 673 366 volumus
703 338 736 366 et
760 340 870 366 tenore
894 336 1094 375 presencium
1125 335 1181 365 tibi
1211 336 1415 367 concedimus
1444 348 1500 368 seu
1524 340 1634 379 pocius
1663 351 1847 371 concessum

196 398 267 418 esse
298 398 339 418 ex
362 388 459 418 sacris
483 386 765 417 constitucionibus
789 387 1003 426 declaramus,
1031 388 1056 416 si
1086 387 1117 416 in
1146 387 1288 423 civitate,
1320 389 1423 428 opidis
1448 390 1498 420 vel
1523 392 1614 420 terris
1638 393 1698 422 tuis
1725 392 1847 433 aliquas

195 438 453 477 consuetudines,
485 441 604 468 statuta
627 449 683 469 seu
708 438 929 468 observant-ias
952 437 1148 468 introductas
1173 440 1331 478 repereris
1354 441 1457 470 minus
1481 442 1706 481 racionabiles‚
1732 454 1792 484 que
1817 445 1848 474 in

195 493 283 521 tuum
308 493 340 521 et
363 489 446 521 dicte
471 492 524 520 tue
550 490 685 520 ecclesie
713 492 768 520 aut
791 489 989 520 subditorum
1014 494 1137 519 tuorum
1164 490 1373 530 preiudicium
1399 492 1448 522 vel
1471 503 1645 533 gravamen
1669 495 1850 526 redundare

195 543 395 583 cognoveris⁷
432 541 516 583 quod
545 541 726 572 huiusmodi
757 541 1016 579 consuetudines7
1052 544 1172 571 statuta
1207 545 1239 572 et
1272 541 1495 573 obscrvancias
1526 548 1689 585 tamquam
1720 548 1847 577 racione

195 597 339 624 carentes
364 592 476 623 tollere
500 593 602 633 possis
625 593 774 633 ipsasque
798 593 906 623 valeas
930 593 961 623 in
984 593 1099 623 melius
1123 596 1320 624 commutare
1332 594 1353 625 2.

301 648 356 688 (V)
381 648 463 679 Item
481 648 626 678 volumus
649 658 686 678 ac
705 648 857 689 predictis
881 649 999 678 civitati
1024 652 1055 679 et
1080 648 1183 689 opidis
1205 651 1265 678 tuis
1283 650 1474 690 precipimus
1490 652 1623 683 firmiter
1647 657 1678 683 et
1696 653 1846 691 districte,

194 701 219 731 si
247 700 354 740 aliqua
378 700 545 740 privilegia
568 699 619 730 vel
642 700 750 740 gracie
780 700 856 740 ipsis
885 710 947 730 non
978 710 1087 730 eorum
1111 701 1226 730 intuitu
1257 701 1313 731 sed
1338 702 1382 732 tui
1407 703 1517 742 pocius
1549 708 1581 734 et
1605 704 1687 735 dicte
1713 705 1847 736 ecclesie

193 755 246 782 tue
271 751 546 791 contemplacione
570 761 589 781 a
613 751 727 781 nostris
744 750 1025 791 predecessoribus
1043 751 1286 792 qutunodolibet
1310 753 1370 783 sint
1394 764 1543 785 concesse
1561 756 1610 786 vel
1635 757 1848 796 inposterum

193 803 422 841 concedantur,
453 802 539 843 quod
562 801 743 832 huiusmodi
768 802 936 843 privilegia
960 805 992 832 et
1014 803 1141 843 graciea
1166 803 1207 833 ad
1230 813 1342 834 manus
1367 807 1437 835 tuas
1461 811 1646 845 presentare
1672 811 1703 837 et
1728 819 1846 848 ponere

192 858 372 891 teneantur,
402 864 473 884 cum
503 854 534 883 in
562 853 678 883 talibus
708 853 882 894 privilegiis
912 856 944 883 et
970 855 1085 893 graciis
1113 855 1138 883 is
1166 855 1280 885 merito
1311 857 1420 896 pocior
1451 857 1562 887 haberi
1592 858 1722 898 debeat,
1759 862 1848 892 cuius

192 905 467 946 contemplacione
492 908 523 936 et
546 905 661 935 intuitu
684 908 756 935 sunt
780 915 943 937 concesse:
969 905 1109 945 alioquin
1134 907 1259 946 gracias
1283 910 1315 937 ct
1340 908 1507 949 privilegia
1531 909 1711 941 huiusmodi
1730 912 1848 943 viribus

192 967 372 988 vacuamus.

299 1011 375 1052 (VI)
400 1012 483 1042 Item
508 1012 653 1042 volumus
677 1015 709 1042 et
733 1011 789 1042 tibi
813 1015 924 1043 tenore
945 1014 1145 1052 presencium
1171 1013 1209 1044 de
1235 1015 1366 1054 speciali
1390 1017 1499 1055 gracia
1523 1018 1735 1054 concedimusq
1762 1020 1847 1060 quod

191 1064 335 1095 homines
363 1065 407 1094 tui
437 1067 468 1095 et
500 1064 635 1094 ecclesie
664 1067 717 1094 tue
748 1068 779 1094 et
803 1064 892 1094 vobis
917 1065 1088 1095 attinentes
1112 1064 1153 1095 ad
1178 1065 1285 1106 aliqua
1311 1066 1462 1097 thelonea
1487 1067 1526 1098 de
1551 1079 1632 1099 novo
1658 1080 1675 1099 a
1701 1074 1845 1110 tempore

191 1115 294 1146 obitus
319 1116 434 1156 prefati
460 1114 579 1145 domini
599 1115 731 1145 Henrici
748 1114 967 1146 Romanorum
992 1116 1195 1156 imperatoris
1220 1118 1347 1157 septimi
1372 1119 1421 1149 avi
1447 1120 1544 1149 nostri
1569 1120 1718 1160 imposita
1742 1122 1792 1152 vol
1816 1124 1846 1152 in

190 1170 354 1208 posterum
380 1166 574 1207 imponenda
598 1167 663 1197 sive
681 1177 738 1207 per
755 1170 872 1197 terram
898 1168 963 1197 sive
988 1178 1104 1208 aquam
1129 1169 1259 1199 minime
1277 1173 1460 1205 teneantur;
1486 1171 1665 1202 inhibentes
1689 1173 1746 1203 sub
1764 1185 1847 1214 pena

191 1219 329 1260 quinque
353 1218 504 1248 librarum
535 1219 602 1249 auri
627 1229 683 1258 pro
712 1218 819 1249 media
844 1222 934 1258 parte
963 1229 1090 1250 camere
1118 1224 1225 1251 nostre
1256 1224 1287 1250 et
1312 1232 1368 1261 pro
1394 1222 1516 1263 reliqua
1542 1223 1597 1253 tibi
1630 1228 1661 1254 et
1685 1224 1768 1255 dicte
1794 1230 1846 1257 tue

191 1270 325 1301 ecclesie
351 1269 551 1310 applicanda,
576 1280 615 1300 ne
641 1270 720 1309 quis,
745 1270 972 1311 cuiuscumque
998 1274 1098 1301 status
1122 1270 1172 1302 vel
1197 1271 1390 1302 condicionis
1416 1275 1541 1309 existat,
1568 1275 1711 1305 homines
1735 1276 1789 1306 tibi
1815 1282 1847 1308 ct

191 1321 274 1352 dicte
292 1324 344 1351 tue
369 1321 504 1352 ecclesie
521 1321 693 1352 attinentes
718 1322 884 1352 occasione
903 1322 1118 1362 predictorum
1143 1333 1297 1354 novorum
1316 1324 1538 1355 theloneorum
1564 1337 1619 1356 seu
1639 1327 1846 1367 pedagiorum

190 1385 248 1415 per
280 1373 421 1413 aliquam
456 1373 636 1403 huiusmodi
674 1373 882 1414 pedagiorum
919 1374 1126 1405 exaccioncm
1165 1375 1333 1415 impediat,
1373 1382 1485 1417 gravet
1521 1378 1762 1418 quomodolibet
1797 1380 1847 1410 vel

190 1425 348 1456 molestet.

298 1480 387 1519 (VH)
412 1480 495 1510 Item
520 1479 665 1510 volumus
697 1484 728 1510 ct
757 1480 795 1510 de
824 1481 956 1521 speciali
981 1482 1089 1521 gracia
1114 1481 1169 1511 tibi
1201 1482 1418 1517 concedimus,
1450 1483 1535 1524 quod
1565 1496 1660 1525 ¹super
1688 1486 1846 1527 aliquibus

190 1531 280 1564 bonis
307 1542 326 1562 a
354 1535 385 1562 te
414 1542 472 1571 per
501 1531 661 1572 integrum
693 1534 724 1561 et
751 1533 934 1562 continuum
965 1543 1081 1562 annum
1111 1534 1242 1573 pacifice
1273 1539 1304 1564 et
1333 1535 1440 1575 quiete
1471 1537 1624 1575 possessis
1655 1537 1693 1567 ad
1726 1539 1845 1568 curiam

190 1585 311 1624 regiam
337 1583 386 1614 vel
410 1583 611 1623 imperialem
642 1593 703 1613 non
729 1583 848 1614 debeas
872 1594 929 1613 nec
955 1586 1055 1624 possis
1079 1585 1271 1615 iudicialiter
1296 1587 1435 1619 evocari:
1473 1587 1529 1617 sed
1563 1589 1587 1617 si
1612 1588 1726 1629 aliquis
1751 1601 1846 1629 super

191 1635 305 1666 talibus
329 1634 418 1665 bonis
443 1635 485 1665 sic
510 1645 528 1665 a
552 1638 583 1664 te
608 1635 762 1674 possessis
782 1636 982 1675 questionem
1008 1635 1065 1666 tibi
1089 1647 1217 1667 movere
1244 1637 1388 1673 voluerit,
1414 1638 1518 1668 eidem
1544 1650 1641 1679 super
1666 1640 1845 1671 lmius1nculi

191 1687 370 1728 questione,
403 1687 427 1716 si
452 1686 551 1716 civilis
576 1687 684 1725 fuerit,
716 1697 824 1717 coram
849 1688 910 1717 vtuis
939 1692 970 1717 ct
995 1687 1131 1717 ecclesie
1157 1693 1209 1718 tn(¹
1235 1689 1362 1719 vasallis
1392 1690 1440 1719 ius
1470 1694 1501 1720 et
1528 1691 1683 1721 iusticiam
1710 1692 1844 1723 reddere

190 1749 226 1769 ac
250 1739 356 1768 facere
381 1738 528 1768 tenearis

297 1793 407 1834 (VIII)
431 1793 513 1823 Item
530 1792 675 1823 volumus
700 1798 731 1823 et
748 1793 802 1823 tibi
828 1793 1031 1824 concedinms
1056 1805 1111 1825 scu
1133 1795 1187 1825 tibi
1213 1806 1397 1826 concessum
1423 1797 1490 1827 fore
1509 1798 1617 1837 pocius
1635 1798 1843 1834 declaramus,

190 1846 214 1875 si
238 1855 295 1886 pro
320 1855 520 1886 quacumque
545 1854 640 1874 causa
665 1844 804 1885 aliquem
829 1844 868 1874 ad
898 1845 1048 1875 iudicium
1080 1847 1202 1886 regium
1228 1847 1276 1877 vel
1302 1847 1468 1887 imperiale
1494 1859 1608 1878 vocare
1633 1849 1770 1880 volueris
1794 1851 1844 1880 vel

191 1906 208 1928 e
230 1907 381 1927 converso
406 1896 486 1926 alius
511 1900 541 1926 te
559 1895 678 1925 ibidem
701 1895 905 1935 interpellare
924 1896 1116 1927 iudicialiter
1139 1898 1284 1936 voluerit,
1313 1899 1398 1939 quod
1424 1904 1455 1929 tu
1481 1903 1546 1929 tam
1571 1911 1667 1939 agere
1693 1912 1787 1941 quam
1813 1905 1843 1932 te

191 1947 365 1978 defendere
390 1947 491 1988 possis
515 1957 573 1987 per
596 1950 835 1987 procuratorem
860 1946 1020 1987 ydoneum
1045 1948 1085 1978 ad
1110 1949 1168 1979 hoc
1194 1959 1250 1988 per
1274 1953 1305 1979 te
1331 1950 1473 1990 legitime
1500 1952 1713 1981 constitutum.

298 2003 370 2041 (IX)
395 2002 477 2032 Item
502 2002 647 2032 volumus
678 2005 709 2033 et
732 2002 789 2032 tibi
814 2009 923 2032 tenore
948 2004 1148 2043 presencium
1173 2004 1254 2035 hanc
1280 2005 1412 2035 facimus
1436 2007 1576 2046 graciam
1601 2007 1786 2047 specialem,
1818 2009 1843 2037 si

191 2064 246 2094 per
270 2065 326 2084 nos
343 2054 394 2084 vel
417 2064 617 2084 successores
642 2057 765 2083 nostros
782 2053 1000 2084 Rmntumrum
1025 2065 1118 2095 reges
1135 2056 1184 2086 vel
1210 2057 1422 2096 imperatores
1446 2058 1576 2098 aliquod
1602 2058 1775 2089 subsidium
1794 2060 1843 2090 vel

190 2105 312 2136 decime
337 2106 541 2136 exat-cionem
566 2105 597 2135 in
618 2115 716 2145 regno
735 2105 784 2135 vel
802 2106 936 2145 imperio
961 2116 1016 2135 scu
1040 2107 1071 2136 in
1089 2111 1179 2146 parte
1197 2108 1382 2138 corumdem
1401 2110 1569 2149 contigerit
1587 2109 1731 2148 obtineri,
1757 2111 1843 2151 quod

190 2155 369 2187 huiusmodi
387 2156 510 2186 decime
535 2157 664 2186 cxaccio
681 2156 731 2186 vel
755 2155 930 2186 subsidium
955 2157 994 2187 ad
1020 2157 1164 2189 subditos
1190 2163 1241 2189 tue
1260 2159 1431 2200 drot-(esis)
1457 2161 1585 2191 minime
1610 2171 1643 2191 se
1669 2162 1844 2192 extendant

191 2211 222 2238 et
249 2208 333 2249 quod
362 2208 437 2238 dicti
466 2208 583 2238 subditi
611 2209 655 2238 tui
685 2208 851 2239 occasione
881 2208 956 2239 dicti
987 2208 1118 2239 subsidii
1144 2210 1193 2240 vel
1225 2212 1406 2241 exaccismis
1436 2212 1558 2242 decime
1588 2223 1649 2242 non
1682 2212 1844 2243 debelmnt

191 2259 372 2300 aliqualiter
395 2260 589 2300 pregravari.

298 2316 354 2355 (X)
378 2315 461 2346 Item
490 2316 515 2345 si
545 2315 668 2356 aliquas
699 2325 858 2355 expensas
885 2316 915 2345 in
944 2316 1077 2346 servicio
1106 2322 1213 2348 nostro
1239 2317 1287 2348 vel
1317 2319 1440 2358 imperii
1475 2322 1506 2350 te
1529 2319 1580 2349 vel
1604 2319 1748 2349 subditos
1773 2324 1842 2350 tuos

192 2370 244 2397 tuo
268 2367 395 2397 nomine
419 2368 525 2397 facere
549 2367 600 2397 vel
625 2367 727 2397 eciam
752 2366 860 2407 aliqua
884 2366 1024 2407 dampna
1049 2369 1204 2399 sustinere
1230 2371 1412 2409 contigerit,
1442 2370 1622 2401 huiusmodi
1649 2371 1786 2411 dampna
1811 2375 1842 2401 ct

191 2428 360 2458 expensas5
390 2429 486 2459 super
509 2417 623 2459 quibus
648 2420 700 2448 tuo
726 2418 861 2458 simplici
886 2418 982 2449 verbo
1008 2419 1189 2455 credemus,
1223 2420 1278 2450 tibi
1303 2421 1473 2451 refundere
1498 2422 1677 2452 tenebimur
1701 2424 1839 2461 mesera-

191 2468 263 2499 liter
287 2474 318 2500 et
343 2470 511 2510 complete,
537 2474 568 2500 et
592 2470 617 2499 si
641 2469 681 2499 ad
706 2469 828 2509 aliquas
851 2479 984 2509 guerras
1006 2470 1055 2500 vel
1081 2470 1255 2501 discordias
1281 2473 1446 2502 occasifflic
1472 2474 1568 2503 nostri
1587 2474 1635 2503 vel
1661 2474 1783 2513 imperii
1810 2478 1839 2503 to

191 2521 298 2551 venire
323 2521 490 2561 contigerit
514 2531 585 2551 cum
602 2521 671 2558 hiis,
696 2531 766 2550 cum
784 2520 896 2560 quibus
921 2522 963 2551 sic
981 2531 1121 2561 gwerras
1138 2523 1187 2552 vel
1205 2522 1379 2554 discordias
1403 2535 1465 2554 una
1488 2524 1652 2554 nobiscum
1670 2525 1718 2554 vel
1743 2526 1839 2554 nostri

192 2571 356 2601 occasione
373 2571 532 2607 habueris,
557 2571 676 2602 nullam
694 2582 816 2612 pacem,
842 2572 1109 2612 composicionem
1135 2583 1192 2603 nec
1210 2578 1338 2615 treugas
1357 2575 1509 2605 faciemus
1527 2575 1576 2605 vel
1602 2576 1747 2605 inibimus
1772 2576 1839 2604 sinc

193 2624 245 2651 tuo
269 2623 358 2661 scitu,
383 2623 512 2653 consilio
538 2626 570 2653 et
594 2633 757 2653 consensu.

297 2698 359 2723 111.
379 2700 402 2729 ³)
422 2700 457 2724 sic
477 2708 513 2724 or.

296 2758 320 2787 1)
341 2757 401 2783 Cod.
421 2757 497 2789 VIII,
511 2761 583 2789 522.
672 2760 698 2791 2)
720 2758 759 2788 Cf.
781 2761 856 2792 infra
876 2769 916 2787 nr.
932 2763 982 2791 113,
1000 2762 1046 2784 Ill-
