2189 2984
146 719 170 737 10

143 984 166 1003 15

143 1239 167 1258 20

140 1496 163 1516 25

139 1755 163 1773 30

138 2288 163 2306 40

137 2672 162 2690 45

659 149 753 175 ACTA
772 148 885 175 REGNI
905 148 1041 175 KAROLI
1060 149 1106 175 IV.
1145 149 1218 176 1346.
1254 150 1302 177 Nr.
1318 151 1374 177 124.
1776 158 1836 189 ’2117

298 235 344 276 (2)
369 235 475 266 Iteml
498 235 523 265 si
547 235 674 276 quando
699 236 862 276 contingat
886 239 916 266 te
941 235 980 265 ad
1005 239 1146 266 nostram
1170 237 1290 267 curiam
1314 237 1364 267 vel
1389 237 1431 268 ad
1455 238 1680 279 expediciones
1706 241 1837 273 bellicas

191 290 245 317 aut
267 287 346 317 alias
370 286 411 317 ad
434 290 541 317 nostre
566 287 742 317 maiestatis
758 286 957 327 presenciam
975 287 1186 327 personaliter
1210 289 1346 327 evocari7
1372 290 1396 319 si
1421 289 1611 321 subsistente
1638 302 1732 323 causa
1757 293 1836 333 legi-

190 339 267 368 tima
291 337 332 368 ad
355 341 495 369 nostram
513 339 619 369 venire
644 349 705 368 non
722 338 841 378 poteris
858 341 990 378 protunc
1015 338 1407 380 (311111111οἀ0ΡιῈερῃοίῑῑιῃ,
1433 351 1528 381 super
1548 341 1607 372 1100
1632 343 1692 373 tuis
1716 346 1836 375 nunciis

189 400 246 419 seu
268 389 382 420 litteris
410 389 451 419 ad
474 392 615 419 nostram
640 390 837 429 presenciam
866 389 1063 420 destinandis
1087 400 1215 420 causam
1240 390 1332 421 huius
1355 394 1462 422 nostre
1488 393 1683 425 excellencie
1708 397 1835 436 exposi-

188 441 293 481 tio-(is)
318 440 402 481 apud
426 451 483 471 nos
507 444 537 471 te
560 441 680 481 poteris
704 450 872 473 excusare:
898 441 986 470 cuius
1010 441 1231 472 excusacionis
1254 452 1383 473 causam
1406 443 1573 484 ipsamque
1591 447 1836 478 excusacionem

189 495 296 532 gratas
320 491 508 522 habebimus
531 496 627 532 atque
651 495 736 522 ratas
760 502 818 522 nec
841 491 882 522 ad
906 492 1073 523 ulteriores
1097 492 1189 523 huius
1214 503 1309 524 cause
1334 498 1366 524 et
1390 496 1610 526 excusaeionis
1627 497 1836 536 probaeionos

188 553 243 573 seu
272 543 468 574 ostensiones
492 547 522 574 te
547 543 740 584 compellere
765 543 954 574 debebimus
982 554 1039 574 seu
1067 547 1187 583 artare,
1216 545 1272 576 sed
1301 555 1357 586 per
1381 547 1487 577 onmia
1517 547 1557 577 de
1582 550 1636 578 tua
1660 547 1835 581 devocione

188 597 220 626 ct
243 594 397 625 fidelitate
422 595 538 626 erimus
562 595 745 625 contentati.

294 655 339 694 (3)
364 654 468 685 Item2
493 664 563 684 cum
588 654 750 685 Ludovico
776 654 815 685 ‹le
840 654 977 685 Bavaria
1001 665 1056 685 seu
1081 665 1152 685 cum
1177 665 1378 697 quocumque
1403 657 1480 694 alio,
1512 659 1565 699 qui
1590 659 1721 690 forsitan
1746 671 1835 692 suam

189 707 327 747 erigeret
351 709 461 736 contra
484 708 625 736 nostram
650 705 880 736 excellenciam
904 706 1134 737 contumaciter
1157 707 1323 747 cervicem,
1348 719 1381 739 se
1406 709 1444 739 de
1463 709 1546 740 facto
1570 710 1601 740 in
1618 711 1835 744 R‹1›manorum

187 767 296 798 regem
321 758 397 798 eligi
420 757 540 788 faciens
563 761 617 787 aut
633 768 816 798 procurans,
840 757 959 788 nullam
983 768 1096 798 pacem
1114 758 1268 789 faciemus
1291 763 1347 789 aut
1370 771 1487 791 nomen
1512 764 1544 791 et
1562 763 1687 793 titulum
1712 765 1834 804 regium

186 809 366 840 nullatenus
390 809 599 848 dimittemus,
630 810 688 839 nisi
720 813 750 840 te
779 809 898 839 sciente
928 812 960 840 et
983 811 1206 841 consenciente
1231 814 1263 841 et
1286 811 1415 843 realiter
1439 816 1470 843 et
1494 813 1666 845 verbaliter
1689 816 1720 846 in
1743 816 1835 847 huius

186 861 273 901 pacis
298 861 533 901 composicione
558 861 689 899 incluso,
715 861 755 891 ad
780 861 865 901 quod
890 865 1021 892 econtra
1045 862 1226 892 faciendum
1251 863 1342 893 nobis
1366 864 1513 896 similiter
1537 865 1698 907 obligaris.

294 923 338 960 (4)
364 921 467 952 Item³
491 921 614 952 litteras
643 932 661 952 a
685 921 802 951 domno
829 946 835 952 .
853 945 859 951 .
885 931 968 961 papa
993 923 1134 962 presenti
1164 926 1218 952 aut
1243 923 1310 953 eius
1334 924 1568 955 successoribus
1597 936 1659 956 non
1683 927 1834 968 impetra-

186 972 290 1004 bimus
318 983 375 1004 nec
405 973 569 1014 impetrari
598 973 839 1014 procurabimus
867 984 963 1014 super
992 973 1186 1014 imponenda
1211 985 1410 1016 quacumque
1439 976 1576 1013 decima,
1608 977 1748 1009 subsidio
1779 991 1835 1011 scu

187 1025 368 1059 exaccione,
387 1035 587 1066 quocumque
604 1025 731 1055 nomine
749 1035 805 1055 seu
822 1025 912 1055 titulo
930 1025 1036 1056 valeat
1052 1025 1217 1066 appellari,
1243 1026 1406 1065 fruttuum,
1431 1027 1600 1065 redituum,
1625 1034 1834 1069 proventuum

186 1080 218 1107 et
241 1075 472 1107 obvencionum
497 1076 712 1116 eeclesiarum⁷
738 1077 1000 1107 monasteriorum
1027 1081 1059 1107 et
1083 1077 1369 1109 ecclesiasticarum
1388 1090 1605 1120 personarum,
1631 1081 1688 1111 sub
1708 1083 1834 1113 nomine

185 1138 258 1158 usus
282 1138 338 1158 seu
355 1128 437 1158 tituli
462 1132 570 1158 contra
588 1127 708 1158 Tui-cos
732 1138 788 1159 seu
805 1129 1030 1169 cuiuscumque
1055 1139 1130 1158 usus
1154 1140 1209 1159 seu
1226 1130 1307 1160 tituli
1332 1130 1472 1167 alterius,
1498 1135 1604 1162 tamen
1629 1133 1667 1163 ad
1693 1137 1833 1165 nostrum

184 1190 276 1210 usum
298 1179 427 1210 realiter
452 1180 659 1220 proventuris,
685 1190 745 1221 que
768 1180 873 1210 littere
897 1180 937 1210 ad
963 1180 1114 1210 ecclesias
1139 1184 1171 1211 et
1196 1183 1389 1213 monasteria
1414 1186 1445 1213 et
1468 1193 1619 1223 personas
1636 1185 1834 1217 [folomensis

185 1231 320 1261 civitatis
351 1235 382 1262 et
406 1231 550 1271 dyocesis
580 1243 613 1262 sc
638 1231 827 1265 extendant:
859 1235 890 1262 ct
921 1232 945 1261 si
970 1232 1052 1262 tales
1076 1232 1166 1263 nobis
1189 1237 1244 1264 aut
1274 1234 1313 1264 ad
1339 1235 1525 1266 instanciam
1550 1241 1689 1267 nostram
1714 1248 1732 1268 a
1756 1238 1831 1269 sede

183 1282 359 1323 apostoliea
382 1283 576 1323 generaliter
605 1294 661 1323 per
684 1283 775 1323 plura
806 1294 905 1323 regna
937 1287 991 1313 aut
1021 1294 1077 1324 per
1106 1295 1238 1325 regnum
1262 1285 1444 1317 Alimannie
1476 1287 1541 1317 sive
1572 1288 1651 1318 alias
1674 1300 1731 1329 per
1755 1301 1831 1330 que-

183 1344 317 1375 cumque
342 1334 412 1365 loca
436 1334 501 1365 sive
526 1334 566 1364 ad
591 1337 731 1365 nostrum
757 1335 822 1365 sive
847 1335 887 1365 ad
912 1335 1047 1366 alterum
1073 1346 1165 1366 usum
1190 1338 1406 1377 nominaliter,
1431 1338 1522 1368 nobis
1546 1342 1653 1370 tamen
1677 1340 1717 1370 ad
1741 1352 1831 1372 usum

183 1389 323 1417 nostrum
352 1386 481 1417 realiter
509 1391 700 1427 proventuro
731 1397 880 1417 concesse
906 1387 1044 1418 existant
1069 1398 1126 1428 per
1156 1388 1265 1419 sedem
1289 1390 1499 1430 apostolicam
1523 1394 1578 1421 aut
1602 1391 1732 1422 forsitan
1757 1403 1831 1423 con-

183 1437 351 1477 cedentur,
382 1448 443 1478 que
473 1437 513 1468 ad
544 1438 703 1469 civitatem
738 1442 769 1469 et
797 1438 985 1479 dyoc(esim)
1016 1439 1239 1471 Colonienscm
1276 1442 1406 1472 extendi
1434 1442 1563 1473 valeant
1595 1444 1830 1484 quoquomodm

185 1489 294 1520 talium
319 1491 545 1520 execueionem
571 1490 762 1523 litterarum.
787 1495 939 1530 quantum
964 1490 1004 1521 ad
1028 1492 1193 1527 ecclesias,
1225 1494 1418 1524 monasteria
1442 1497 1473 1524 et
1497 1495 1616 1525 clerum
1642 1496 1776 1526 civitatis
1800 1501 1831 1525 et

182 1540 356 1581 ‹lyoc(esis)
375 1540 572 1572 Coloniensis
591 1541 814 1582 predictarum,
839 1542 1080 1582 procurabimus
1104 1546 1136 1573 et
1154 1544 1329 1574 efficieums
1353 1556 1371 1575 a
1391 1545 1468 1575 sede
1485 1546 1661 1586 apostolica
1685 1551 1739 1577 aut
1764 1548 1830 1578 eius

181 1594 370 1623 auctoritate
394 1593 461 1623 fieri
486 1604 547 1623 non
573 1593 699 1624 debere.
747 1594 849 1624 Immo
873 1598 905 1625 et
929 1605 1067 1627 exnunc.
1093 1598 1244 1635 quantum
1271 1596 1300 1625 in
1325 1596 1415 1626 nobis
1439 1601 1500 1632 est,
1529 1597 1776 1629 obvencionibus
1800 1606 1830 1629 et

181 1644 369 1675 utilitatibus
393 1644 538 1675 omnibus
563 1649 594 1675 et
615 1645 755 1685 singulis,
781 1656 842 1685 que
867 1645 957 1675 nobis
981 1647 1021 1676 ab
1046 1646 1189 1677 ecelesiis
1213 1651 1246 1677 ct
1262 1649 1461 1678 monasteriis
1486 1659 1521 1679 ac
1543 1649 1627 1680 clero
1652 1654 1684 1681 ct
1700 1651 1829 1691 singulis

181 1706 290 1726 eorum
321 1697 457 1727 civitatis
488 1700 519 1727 et
543 1696 718 1738 dyoc(esis)
743 1696 942 1728 Coloniensis
973 1699 1140 1729 occasione
1166 1699 1274 1729 talium
1300 1699 1477 1730 litterarum
1502 1701 1743 1741 impetratarum
1774 1713 1828 1733 scu

182 1747 452 1788 impetrandarum
490 1748 609 1779 directe
641 1749 690 1779 vel
720 1749 874 1780 indirecte
910 1760 1109 1790 quocumque
1141 1750 1237 1780 modo
1268 1751 1317 1781 vel
1348 1751 1454 1782 colore
1490 1756 1618 1792 possent
1648 1754 1830 1794 aliqualiter

181 1799 341 1838 obvenire,
369 1800 554 1842 simpliciter
577 1805 609 1832 et
633 1801 808 1832 liberaliter
831 1803 1061 1832 renunciamus⁴

287 1860 332 1899 (ὃ)
357 1860 532 1891 Preterea4
548 1861 667 1892 nullum
685 1865 773 1892 tuum
791 1862 961 1897 inimicum,
987 1862 1061 1892 dum
1079 1873 1150 1893 eum
1169 1866 1257 1893 tuum
1275 1864 1437 1894 inimicum
1454 1864 1648 1900 sciverimus,
1672 1866 1703 1895 111
1721 1870 1826 1896 nostro

181 1911 309 1942 consilio
344 1912 530 1943 habebimus
570 1916 602 1943 ct
631 1914 733 1954 ipsum
772 1924 790 1944 a
818 1913 908 1944 nobis
943 1913 1077 1945 durante
1113 1914 1172 1945 hac
1201 1915 1368 1945 inimicicia
1407 1915 1604 1946 studebimus
1634 1928 1826 1948 ammovere.

180 1962 330 1994 Ceterum
353 1964 437 2005 apud
462 1975 518 1995 nos
542 1964 620 1995 duos
644 1965 840 1995 consiliarios
870 1965 911 1995 ad
935 1966 1037 1995 minus
1061 1965 1118 1996 tibi
1142 1967 1290 1997 familiari
1314 1967 1432 1997 iunttos
1461 1968 1605 1998 amicicia
1630 1968 1826 2005 habebimus,

151 2027 160 2043 a
180 2017 214 2044 ut
236 2015 295 2055 ipsi
320 2020 351 2046 et
368 2015 502 2056 quilibet
526 2026 646 2055 corum,
670 2027 709 2047 ne
734 2017 818 2057 apud
843 2027 900 2047 uos
925 2021 956 2048 et
981 2017 1010 2047 in
1036 2018 1149 2048 nostris
1173 2018 1303 2049 consilio
1328 2022 1360 2049 et
1383 2019 1470 2049 curia
1495 2030 1551 2059 per
1572 2021 1668 2049 nostri
1693 2021 1825 2051 eircum-

181 2067 365 2097 veneionem
383 2067 433 2098 vel
457 2067 535 2097 alias
558 2068 653 2098 modo
677 2068 784 2109 aliquo
809 2072 919 2099 contra
943 2072 973 2100 te
999 2072 1031 2099 et
1048 2074 1133 2099 tuam
1159 2070 1327 2101 ecclesiam
1353 2070 1472 2110 aliquid
1496 2071 1611 2101 sinistri
1629 2072 1824 2112 impetretur.

180 2117 308 2148 valeant
329 2128 514 2159 precavere.

287 2169 323 2199 In
351 2170 438 2200 cuius
470 2170 515 2200 rei
539 2170 755 2201 testimonium
780 2175 944 2211 presentes
969 2171 1091 2202 litteras
1119 2172 1224 2213 sigillo
1248 2174 1424 2204 maiestatis
1448 2177 1552 2204 nostre
1582 2175 1668 2214 regie
1694 2175 1825 2206 fecimus

182 2221 377 2251 communiri.

288 2280 406 2311 Datum
430 2281 543 2312 Bunne
573 2292 655 2312 anno
679 2282 807 2312 Domini
835 2283 1004 2313 millesimo
1029 2284 1252 2315 trecentesimo
1278 2285 1523 2326 quadragesimo
1548 2289 1653 2317 sexto.
1679 2286 1735 2317 VI.
1754 2287 1823 2318 Kal.

180 2330 376 2372 Decembris,
402 2343 571 2373 regnorum
596 2338 774 2365 nostrorum
799 2345 880 2365 anno
905 2336 1018 2375 prinu..

491 2470 571 2505 125.
607 2470 776 2515 Obligmtio
804 2471 952 2506 civitatis
984 2472 1245 2507 Trcmonicnsis.
1274 2493 1323 2497 —
1352 2473 1436 2507 Nor.
1460 2475 1520 2507 26.

289 2542 447 2583 Oriyinalc
469 2544 579 2575 <ibidem
605 2548 662 2576 ‘mx
685 2545 766 2575 6841
815 2545 954 2577 Contulit
978 2546 1018 2577 R⁴
1040 2547 1188 2578 Liidicke.
1236 2546 1380 2587 St'yillzcm
1407 2547 1581 2578 maiestatis
1613 2547 1726 2578 laesum
1752 2558 1819 2577 cum

179 2596 289 2625 secreto
313 2595 454 2626 dorsuali
470 2596 587 2634 pendet
608 2596 672 2634 filis
694 2597 803 2627 scricis
825 2597 915 2628 rubri
929 2597 1064 2637 flavique
1080 2597 1199 2629 coloris.
1218 2618 1257 2620 —
1281 2598 1373 2630 Eser.
1392 2598 1569 2630 Lacomblel
1585 2598 1652 2635 III,
1669 2600 1732 2628 3133
1750 2609 1780 2629 n.
1793 2600 1819 2628 1,

285 2662 359 2702 Rey.
379 2664 451 2702 imp.
472 2664 561 2695 VIII
579 2675 628 2696 nr.
644 2665 716 2696 269.

284 2761 308 2791 1)
331 2761 369 2792 Cf.
388 2769 471 2794 supra
490 2770 531 2789 nr.
544 2767 573 2789 5.)
592 2765 605 2796 ξ
621 2769 643 2789 9.
731 2763 757 2795 2)
778 2762 818 2794 Cf.
837 2762 931 2789 ibidem
951 2764 1013 2795 §12
1102 2764 1128 2794 3)
1149 2763 1191 2795 Cf.
1210 2763 1306 2790 *ibidem
1325 2766 1386 2795 §15¹
1475 2765 1501 2793 {i
1523 2765 1562 2797 Cf.
1583 2763 1675 2789 filialem
1695 2766 1757 2795 ς’]ῖ.
