2189 2984
349 162 387 190 54
793 157 887 183 ACTA
908 156 1019 182 REGNI
1039 156 1173 182 KAROLI
1194 155 1238 181 IV.
1278 154 1350 180 1346.
1388 154 1434 179 Nr.
1448 154 1488 180 32.
1507 153 1548 179 33.

349 245 472 276 culmen
498 245 621 285 imperii
651 254 706 284 per
736 244 924 274 electionem
954 243 993 273 dc
1024 253 1159 283 persona
1188 247 1242 272 tua
1272 242 1302 271 in
1326 251 1437 281 regum
1462 240 1678 270 Romanorum
1707 240 1737 269 in
1761 240 1988 279 imperatorem

351 297 551 337 postmodum
576 295 826 335 promovendum
851 294 1073 325 celebrandam
1097 295 1218 334 aspiras
1243 296 1274 323 et
1297 296 1468 332 propterea
1491 295 1522 321 te
1547 291 1651 321 subire
1675 292 1854 321 necessario
1879 292 1987 321 existi-

350 359 417 378 mes
446 349 532 378 varia
556 347 710 387 profluvia
741 356 968 386 expensarum,
1001 356 1080 386 quas
1111 348 1298 385 supportare
1328 344 1475 383 nequires
1504 342 1653 380 comode,
1686 343 1744 372 nisi
1772 353 1829 383 per
1859 342 1989 373 modum

351 399 538 430 venditionis
562 398 611 428 vel
636 398 909 438 impignorationis
933 402 987 427 aut
1011 398 1150 437 aliquam
1175 395 1382 426 accomodam
1408 394 1659 424 distraherentur
1682 394 1789 435 aliqua
1814 398 1917 425 castra
1937 395 1988 425 vel

349 452 433 482 bona
461 452 524 481 alia
552 450 626 480 dicti
655 451 760 490 regni,
789 450 879 480 nobis
909 450 1070 480 humiliter
1100 448 1314 489 s1q·›plicastis,
1343 450 1377 476 ut
1408 457 1464 486 pro
1495 449 1582 476 tanto
1614 456 1689 476 casu
1718 450 1836 486 tanque
1864 447 1933 477 utili
1958 451 1990 478 et

350 503 488 533 evidenti
522 503 713 532 necessitate
749 501 932 542 dispensare
969 501 1132 531 vobiscum
1170 510 1265 540 super
1300 500 1478 528 iuramento
1508 497 1689 527 huiusmodi
1720 497 1760 528 de
1792 498 1989 538 benignitate

349 555 524 595 apostolica
548 553 760 594 dignaremur.
807 553 873 583 Nos
897 554 992 593 igitur
1015 552 1217 583 attendentes
1241 549 1442 581 considerata
1473 549 1626 589 qualitate
1658 550 1813 589 presentis
1837 551 1990 590 temporis

351 606 484 636 ecclesie
513 605 658 635 Romane
689 615 725 634 ac
754 606 810 634 toti
839 605 884 634 roi
910 604 1034 644 publico
1060 603 1276 643 multipliciter
1300 601 1468 641 expedire,
1494 601 1578 641 quod
1607 600 1721 641 aliquis
1745 602 1791 631 vir
1816 601 1990 633 catholicus

350 657 419 687 Deo
444 661 475 686 et
499 656 632 687 ecclesie
664 655 805 696 predicte
836 655 968 685 devotus
997 656 1027 685 in
1053 664 1161 694 regem
1186 654 1403 684 Romanorum
1429 654 1459 682 in
1484 653 1713 693 imperatorem
1737 653 1989 693 promovendum

350 707 551 748 postmodum
576 711 768 745 assumatur,
799 707 839 737 ad
864 706 949 747 quod
978 707 1135 746 principes
1165 710 1229 736 tam
1261 705 1494 735 ecclesiasticos
1524 714 1619 744 quam
1647 704 1807 735 seculares
1832 705 1988 736 electores

350 759 491 790 eiusdem
522 759 645 798 imperii
669 758 816 788 duximus
841 758 1103 796 commouemlos,
1133 762 1242 798 teque,
1272 755 1412 787 marchio
1446 755 1603 796 predicte,
1633 757 1686 797 qui
1715 766 1791 797 erga
1820 757 1925 788 Deum
1958 761 1989 787 et

351 810 518 841 ecclesiam
547 810 722 850 predictam
746 809 913 840 devotione
945 810 1067 839 sincera
1097 808 1272 849 prefulges,
1300 807 1341 838 ad
1369 807 1428 838 hoc
1457 808 1538 837 inter
1562 811 1686 838 ceteros
1709 808 1877 839 Alamanie
1902 809 1988 849 prin-

350 863 436 902 cipes
460 864 644 902 reputantes
668 861 836 901 ydoneum,
861 861 1099 891 c‹j›nsiderantes
1124 870 1262 901 quoque,
1287 859 1373 900 quod
1390 870 1452 889 non
1469 858 1610 899 expedit,
1627 862 1661 889 ut
1678 862 1742 889 tam
1760 860 1837 890 utile
1858 864 1989 901 tamque

350 914 561 943 necessarium
586 914 751 953 negocium
777 912 816 943 ob
841 912 1000 942 defectum
1026 923 1238 952 expensarum
1262 913 1292 941 in
1317 912 1364 941 sui
1388 912 1610 951 prosecutione
1634 912 1788 942 sustineat
1816 911 1988 942 detrimen-

350 969 431 1001 tum,
465 975 504 994 ex
539 964 598 994 hiis
632 967 664 994 ct
699 964 767 994 aliis
795 965 896 994 causis
924 964 1063 994 honestis
1094 967 1126 994 et
1153 962 1394 994 rationabilibus
1423 962 1646 1003 supplicationi
1675 966 1779 993 vestre
1808 963 1990 994 huiusmodi

350 1016 515 1056 benignius
543 1016 697 1051 inclinati,
729 1026 824 1055 super
853 1015 966 1046 eodem
1000 1016 1177 1045 iuramento
1209 1014 1304 1045 modo
1333 1015 1385 1055 qui
1410 1015 1551 1054 sequitur
1575 1013 1809 1054 dispensamus,
1839 1015 1990 1046 videlicet

351 1067 435 1108 quod
460 1077 498 1098 eo
522 1079 584 1097 non
610 1067 754 1097 obstante
779 1068 900 1097 ratione
926 1068 1155 1107 prosecutionis
1180 1067 1254 1097 dicti
1279 1067 1403 1107 negocii
1428 1070 1459 1096 et
1482 1076 1545 1096 non
1562 1067 1664 1096 causis
1682 1065 1731 1097 vel
1747 1067 1990 1097 necessitatibus

349 1119 418 1148 aliis
442 1129 497 1149 vos
520 1118 614 1149 ambo
638 1119 729 1148 simul
755 1122 786 1149 et
809 1119 1008 1149 concorditer
1030 1120 1167 1159 possitis,
1192 1123 1285 1159 prout
1310 1119 1350 1149 ad
1374 1129 1429 1148 vos
1454 1118 1532 1148 alias
1556 1118 1746 1157 pertineret,
1771 1118 1911 1149 alienare
1936 1123 1990 1149 aut

349 1172 379 1200 in
407 1170 502 1200 alium
527 1171 576 1201 vel
606 1171 684 1200 alios
712 1171 883 1201 transferre
909 1181 965 1211 per
989 1171 1117 1201 niodum
1141 1171 1331 1202 venditionis
1354 1170 1404 1201 vel
1436 1169 1709 1210 impignorationis
1738 1169 1792 1199 illa
1816 1169 1855 1200 de
1880 1171 1990 1200 castris

350 1226 382 1252 et
406 1221 580 1252 redditibus
605 1222 677 1252 dicti
703 1223 801 1262 regni,
827 1222 865 1253 de
890 1222 1003 1263 quibus
1029 1224 1095 1263 pari
1121 1233 1285 1255 consensu.
1311 1226 1346 1252 ut
1370 1222 1571 1262 premittitur,
1587 1225 1628 1251 ·et
1651 1232 1713 1251 non
1737 1221 1831 1252 aliter
1847 1221 1988 1252 videritis

351 1273 513 1314 expedire.
560 1273 644 1303 Nulli
670 1284 745 1313 ergo
771 1277 830 1304 etc.

457 1324 575 1355 Datum
600 1326 755 1355 Avinioue
773 1325 846 1355 VII.
865 1325 911 1355 Id.
930 1325 1016 1363 Maii,
1041 1337 1122 1356 anno
1148 1330 1271 1367 quarto.

391 1470 449 1504 33.
492 1470 710 1512 Dispensatio
739 1481 810 1503 eum
840 1470 914 1512 filia
942 1470 1067 1504 Kaeooli
1092 1481 1193 1514 snper
1219 1470 1456 1513 impedimento
1488 1469 1704 1503 metrimonii.
1736 1488 1780 1492 —
1814 1468 1906 1503 Mai.
1924 1471 1955 1503 9.

458 1541 531 1581 Πομ.
552 1542 692 1572 Γηΐὶσαη.
717 1544 777 1572 139
808 1542 922 1581 (Ch-m.
944 1544 997 1575 VJ.
1022 1555 1097 1576 secr.
1122 1555 1150 1575 a.
1176 1544 1253 1579 IV.)
1287 1554 1336 1575 nr.
1363 1544 1443 1573 1099
1472 1544 1538 1583 (R).
1595 1543 1733 1574 Contulit
1764 1543 1802 1574 F.
1820 1544 1918 1577 Korn.
1950 1563 1989 1567 —

350 1593 411 1624 Ed.
429 1593 577 1624 Klicmcm
602 1596 661 1623 (5:35
686 1605 722 1624 ca·
745 1594 782 1624 R.
810 1613 846 1616 —
872 1595 964 1625 Ertr.
989 1595 1165 1635 Weremslsy
1191 1596 1266 1630 10.;·›,·
1289 1594 1395 1626 Emlm·
1416 1606 1450 1633 2).
1469 1596 1529 1625 684
1553 1606 1601 1626 ur.
1622 1597 1712 1626 1703.

457 1654 530 1692 Regs.
556 1655 627 1692 imp.
645 1654 732 1684 VIII
754 1654 866 1685 Pz'ibslc
888 1666 936 1685 mx
957 1657 1025 1686 1023.

458 1744 613 1774 Iohannia
636 1745 702 1784 regi
728 1744 870 1775 Boemie.

458 1796 620 1826 Romanus
645 1797 789 1835 pontifex
814 1796 940 1826 collatis
965 1796 1022 1826 sibi
1048 1797 1077 1826 in
1103 1807 1239 1837 persona
1257 1796 1342 1826 beati
1360 1795 1449 1826 Petri
1466 1796 1607 1826 clavibus
1623 1797 1712 1837 regni
1730 1797 1855 1827 celestis
1872 1797 1993 1838 ligandi

353 1847 496 1877 obtinens
531 1848 724 1887 pontificium
756 1852 787 1878 et
819 1848 961 1878 solvendi
992 1859 1217 1888 nonnunquam
1248 1858 1343 1888 supra
1374 1848 1419 1877 ius
1454 1847 1537 1877 illius
1574 1848 1713 1888 rigorem
1746 1849 1990 1881 mansuetudine

302 1916 307 1922 ·
352 1898 559 1938 temperando
584 1899 666 1929 circa
690 1899 844 1939 quosdam
870 1903 901 1930 et
925 1900 1075 1940 precipue
1101 1909 1253 1940 personas
1276 1899 1403 1940 generis
1421 1899 1586 1929 nobilitate
1605 1899 1765 1935 sublimes,
1792 1910 1868 1940 erga
1886 1899 1990 1931 Deum

351 1952 383 1979 et
406 1950 514 1979 sedem
539 1950 747 1990 apost‹1›licam
772 1951 946 1981 devocione
975 1952 1128 1991 precipua
1153 1952 1363 1991 refulgenteS,
1395 1951 1433 1981 de
1459 1951 1655 1991 plenitudine
1680 1952 1862 1992 potestatiS,
1896 1957 1991 1992 prout

352 2002 380 2031 iu
406 2001 475 2031 Deo
499 2003 651 2042 conspicit
676 2002 839 2042 expedire,
865 2003 1036 2043 dispensat.
1084 2003 1166 2033 Hinc
1192 2007 1252 2042 est,
1283 2002 1368 2043 quod
1392 2014 1449 2032 nos
1474 2002 1615 2033 exhibite
1640 2003 1729 2033 nobis
1754 2003 1903 2043 peticioni
1927 2008 1991 2039 tue,

353 2053 393 2082 fili
424 2054 598 2091 carissime,
630 2053 796 2094 benignius
824 2058 1013 2093 annuentes,
1042 2059 1075 2085 ut
1103 2054 1219 2085 dilecta
1253 2055 1283 2084 in
1308 2054 1433 2085 Christo
1458 2054 1523 2084 filia
1548 2054 1653 2094 puella
1678 2055 1786 2085 inclita
1810 2055 1991 2094 Catherina,

352 2108 426 2133 nata
457 2104 562 2134 dilecti
596 2105 650 2134 filii
680 2105 794 2135 nobilis
824 2106 880 2135 viri
906 2105 1026 2143 Caroli,
1063 2107 1266 2147 primogeniti
1297 2106 1356 2143 tui,
1388 2105 1578 2136 marchionis
1603 2106 1758 2143 Moravie,
1790 2116 1860 2136 cum
1885 2107 1991 2148 aliquo

353 2156 418 2184 viro
455 2155 566 2193 nobili,
601 2156 688 2186 fideli
723 2160 754 2186 et
785 2157 918 2187 ecclesie
949 2157 1094 2188 Romane
1129 2158 1259 2192 devoto,
1297 2157 1335 2188 de
1365 2168 1427 2198 quo
1461 2157 1516 2188 tibi
1544 2157 1715 2193 videbitur,
1751 2159 1782 2188 in
1812 2159 1910 2188 tercio
1940 2159 1991 2189 vel

352 2206 579 2236 remocioribns
603 2209 884 2248 consanguinitatis
908 2209 956 2239 vel
982 2209 1144 2239 affinitatis
1171 2209 1323 2250 gradibus
1347 2209 1406 2239 sibi
1429 2209 1594 2243 attinente,
1619 2209 1778 2250 sponsalia
1803 2210 1991 2241 contrahere

353 2268 399 2295 av,
426 2269 495 2288 vum
519 2259 558 2288 ad
584 2262 701 2289 etatem
727 2260 906 2300 pervenerit
930 2261 1119 2301 legitimam,
1142 2261 1417 2291 matrimonialiter
1441 2261 1583 2301 copulari
1607 2261 1691 2291 licite
1716 2260 1831 2299 valeat,
1856 2261 1991 2301 impedi-

354 2313 460 2339 mento
485 2320 524 2339 cx
548 2310 727 2340 huiusmodi
752 2312 1025 2352 consanguinitate
1050 2313 1099 2342 vel
1124 2313 1277 2343 affinitate
1302 2313 1509 2353 proveniente
1531 2323 1566 2342 ac
1585 2312 1822 2353 quibuscunque
1839 2313 1991 2343 eonstitu-

354 2360 496 2390 «ionibus
529 2363 692 2391 contrariis
726 2373 927 2403 nequaquam
963 2363 1177 2402 obstantibus,
1213 2364 1401 2394 auctoritate
1436 2363 1613 2404 apostolica
1647 2367 1756 2394 tenore
1790 2365 1989 2404 presencium

354 2411 583 2452 dispensamus,
608 2413 728 2453 prolem
754 2424 792 2443 cx
817 2414 1017 2444 matrimonio
1041 2414 1222 2445 huiusmodi
1246 2415 1462 2445 contrahendo
1486 2415 1720 2455 suscipiendam
1744 2414 1886 2456 legitime
1911 2426 1988 2446 nun-

353 2463 482 2493 ciantes.
529 2463 613 2493 Nulli
639 2474 714 2505 ergo
740 2468 799 2495 etc.

461 2514 579 2544 Datum
604 2516 759 2546 Avinione
777 2516 849 2546 VII.
867 2516 913 2548 Id.
932 2516 1017 2553 Maii,
1043 2528 1124 2547 anno
1149 2520 1271 2558 quarto.

457 2768 502 2794 33.
531 2774 552 2797 ²)
572 2771 658 2795 Eidem
679 2771 709 2795 Ε,

2009 714 2034 732 10

2011 971 2033 989 15

2008 1228 2034 1247 2⁰

2007 1609 2032 1628 *25

2011 1907 2037 1926 30

2010 2168 2036 2186 35

2009 2425 2034 2443 40
