2189 2984
213 813 236 830 1υ

212 1069 232 1086 15

210 1327 233 1346 20

207 1843 231 1861 30

208 2100 230 2119 35

207 2359 231 2377 40

206 2614 231 2633 45

723 125 815 151 ACTA
834 125 947 152 REoNJ
966 125 1101 151 KARoLi
1122 125 1169 151 iv.
1208 125 1281 152 1347.
1318 126 1366 152 Ns.
1379 127 1438 153 3423.
1847 134 1906 164 359

401 264 485 299 343.
530 264 700 309 Scriptum
733 267 772 299 de
799 266 1048 300 consere-atione
1078 265 1268 299 libertatum
1299 269 1327 300 et
1358 267 1495 300 [tofum.
1526 288 1574 291 —
1602 269 1688 303 Nor.
1709 272 1769 304 24.

367 337 544 377 0νὶῃίηαῖιά
568 337 629 368 (ῑιιο
660 341 666 368 1
697 341 725 369 et
749 340 766 369 2
793 339 912 369 ibidem.
962 342 970 369 1
1003 338 1184 378 eleyrmtc'ore'
1208 350 1305 370 mmm
1329 341 1479 379 scriplum
1505 345 1556 373 (sl.

363 397 438 437 Rey.
459 398 530 437 imp.
551 398 642 429 VIII
662 409 710 429 ur,
728 399 792 429 452
807 403 861 435 (z
880 401 952 436 4:34,
977 402 1012 430 ut
1035 399 1183 438 videtur).

366 457 497 489 Textnm
508 459 714 497 proponimus
724 458 900 489 litterarum
914 462 939 495 1,
954 459 1092 489 (diarum
1106 460 1213 490 rso-[as
1226 459 1366 491 lectiones
1382 461 1413 491 iic
1426 462 1682 494 adnotationibus
1694 464 1906 504 adlecnycntcs.

363 543 501 574 Karolus
525 544 586 574 Dei
610 544 747 585 gr(aci)a
765 544 983 575 Romanorum
1009 555 1065 575 rex
1090 555 1219 585 semper
1235 550 1388 586 augustus
1413 551 1444 577 et
1469 547 1641 579 Bohemie³¹
1669 560 1723 579 rex
1811 561 1906 582 vene-

255 594 347 625 rabili
372 619 378 625 .
405 620 410 625 .
437 596 599 636 episcopo,
624 597 758 637 principi
783 607 839 626 suo
864 596 992 635 dilecto,
1017 600 1048 627 et
1073 596 1312 627 honorabilibus
1338 623 1343 628 .
1371 623 1375 628 .
1402 600 1575 639 prepmito,
1601 625 1607 631 .
1634 624 1639 630 .
1666 600 1786 631 decano
1812 607 1842 632 et
1868 628 1873 635 .

255 646 394 687 capitulo
427 646 561 677 ecclesie
592 647 838 688 Herbipolensis
867 649 1045 688 ceterisque
1072 673 1077 678 .
1105 672 1110 677 .
1136 648 1282 688 prelatis,
1324 674 1329 679 .
1357 674 1362 679 .
1388 651 1530 690 personis
1560 651 1782 682 ecclesiasticis
1817 664 1907 684 secu-

254 698 372 728 laribus
396 701 428 729 et
444 698 653 739 regularibus,
679 699 882 740 presentibus
907 703 939 730 et
963 700 1086 733 futuris,
1113 723 1118 729 .
1146 725 1151 730 .
1177 700 1324 740 capitulis
1349 704 1381 730 et
1407 728 1410 732 .
1438 726 1443 731 .
1469 702 1676 733 ‹fcmvcntibus
1701 704 1906 736 emslesiarum

254 760 290 780 ac
307 750 572 780 monasteriorum
591 751 726 780 civitatis
745 754 776 781 ct
793 751 1015 782 suburbica-um
1041 762 1078 781 ac
1096 751 1242 791 dyocesis
1259 751 1515 793 Herbipolensis,
1541 753 1663 784 devotis
1685 756 1748 785 suis
1773 755 1906 793 dilectis,

255 811 389 842 quorum
415 804 446 831 et
471 811 603 842 quarum
629 801 823 842 gubernacio
848 813 904 833 seu
929 803 1072 833 defensio
1103 803 1131 832 in
1158 803 1373 843 spiritualibus
1406 809 1437 834 et
1462 805 1691 845 tempta-alilms
1716 808 1905 838 coniunctim

253 853 305 883 vel
333 852 456 882 divisim
485 852 526 882 ad
555 854 741 893 episcopum
770 864 806 884 ae
839 853 1006 884 ecclesiam
1032 853 1193 894 predictos
1225 864 1348 885 exnunc
1373 859 1497 895 spectat
1521 856 1570 886 vel
1596 858 1624 886 in
1652 858 1790 888 futurum
1816 869 1906 898 spec—

254 904 343 943 tabit,
433 905 574 945 graciam
599 915 688 935 suam
714 908 746 936 et
770 916 863 935 omne
889 905 1016 935 bonum.

362 955 549 986 Officiosum
578 956 722 995 regimen
753 960 860 986 nostre
889 958 977 997 regie
1008 957 1186 987 maiestatis
1216 956 1256 987 ad
1280 957 1341 987 Dei
1371 958 1505 997 gloriam
1537 962 1567 989 et
1593 960 1743 991 honorem
1768 960 1906 992 Romani

252 1007 377 1048 imperii
395 1018 451 1048 pro
470 1009 715 1038 conservacione
733 1007 916 1038 libertatum
936 1019 971 1038 ae
989 1008 1104 1038 iurium
1123 1008 1329 1039 eeclesiarum
1348 1013 1378 1039 et
1397 1010 1684 1041 ecclesiasticarum
1700 1023 1906 1052 personarum

254 1059 470 1100 quarumlibet
494 1059 535 1089 ob
559 1062 766 1099 augmentum
793 1060 896 1090 cultus
922 1060 1018 1090 divini
1044 1060 1179 1090 numinis
1202 1061 1311 1099 gracia
1334 1061 1507 1101 inspirante
1533 1062 1638 1092 divina
1663 1065 1780 1104 satagit
1805 1065 1905 1094 inces-

253 1114 370 1142 santer.
416 1110 482 1141 Nos
507 1111 613 1151 itaque
639 1111 679 1141 ad
707 1114 844 1141 vestram
872 1111 1142 1152 supplicacionem
1173 1111 1322 1142 (ltwotam
1357 1113 1415 1143 lioc
1445 1113 1545 1153 regali
1578 1114 1708 1145 decreto
1740 1119 1771 1144 et
1800 1116 1906 1146 edicto

253 1162 422 1193 statuendo
448 1163 637 1197 sanccimus,
669 1167 703 1192 ut
729 1162 815 1193 nulla
842 1187 847 1192 .
874 1188 878 1192 .
904 1164 1114 1193 communitas
1146 1163 1196 1193 vel
1229 1165 1416 1195 universitas
1446 1165 1586 1206 nullique
1613 1191 1618 1196 .
1645 1191 1649 1196 .
1681 1167 1840 1206 magistri,
1866 1191 1871 1197 .
1899 1192 1905 1197 .

255 1218 392 1245 rectores
417 1214 482 1244 sive
508 1239 538 1245 ..
564 1215 780 1254 proconsules,
807 1239 836 1244 ..
863 1215 1008 1244 eonsules
1033 1225 1069 1244 ae
1094 1215 1259 1245 eonsilium
1278 1226 1382 1256 neque
1408 1241 1438 1246 ..
1464 1217 1616 1247 scultetus
1633 1228 1686 1247 seu
1714 1243 1718 1248 .
1739 1243 1744 1247 .
1769 1218 1906 1257 sculteti⁷

254 1291 284 1298 ..
310 1266 512 1306 centgravius
535 1276 591 1296 seu
616 1290 622 1296 .
641 1290 648 1296 .
673 1266 847 1306 eentgravii
873 1276 909 1296 ae
935 1291 940 1297 .
961 1290 965 1295 .
992 1265 1111 1296 scabini
1136 1277 1191 1297 sen
1217 1291 1223 1296 .
1243 1291 1249 1297 .
1275 1267 1397 1297 iudices
1415 1269 1480 1298 sive
1506 1293 1511 1299 ,
1532 1293 1537 1298 .
1565 1269 1728 1299 iusticiarii
1745 1269 1907 1300 seculares

254 1327 403 1348 eorumve
428 1321 570 1358 potestas
595 1318 623 1347 in
650 1317 793 1358 partibus
818 1317 1000 1348 Frankonie
1026 1321 1153 1349 statuta.
1180 1318 1295 1350 edicta.
1321 1319 1503 1359 plebiscita.
1537 1320 1697 1359 colulieta,
1727 1322 1905 1361 paccioneS,

254 1369 562 1409 compromissiones,
588 1370 820 1400 conveneiones
845 1370 893 1400 vel
913 1369 1134 1400 ordinaciones
1159 1374 1269 1400 eontra
1288 1370 1469 1401 libertatem
1495 1382 1551 1401 seu
1570 1373 1775 1403 emunitatem
1802 1373 1904 1403 ecclc-

253 1421 411 1451 siasticam
436 1420 525 1451 vobis
551 1425 582 1451 et
607 1421 750 1451 ecelesiis
775 1432 810 1451 ac
836 1422 1036 1451 monasteriis
1060 1422 1173 1451 vestris
1199 1432 1255 1462 per
1271 1423 1452 1453 sanctiones
1471 1424 1639 1453 canonicas
1663 1435 1699 1454 ae
1725 1425 1906 1464 imperiales

253 1483 435 1503 concessam
460 1483 516 1502 seu
541 1472 579 1502 de
605 1473 832 1503 consuetudine
858 1473 923 1502 sive
949 1474 1079 1514 antiqua
1096 1473 1303 1504 observant-ia
1320 1475 1533 1505 introductam
1559 1476 1608 1505 vel
1634 1476 1662 1505 in
1688 1476 1785 1516 ipsius
1810 1476 1905 1507 liber-

254 1525 326 1555 tatis
343 1535 399 1555 seu
417 1524 599 1554 emunitatis
617 1523 864 1565 derogaeionem
891 1524 998 1559 edere,
1024 1528 1175 1562 statuere,
1201 1525 1379 1562 condicere,
1405 1527 1532 1566 pacisci,
1558 1527 1727 1557 convenire
1752 1528 1802 1558 vel
1827 1529 1907 1558 alias

210 1586 220 1603 ι»
252 1576 350 1606 verbo
382 1579 435 1606 aut
464 1576 580 1616 scripto
606 1575 850 1616 quomodolibet
881 1576 1042 1609 ordinare,
1074 1577 1160 1607 nulla
1191 1578 1291 1607 eciam
1324 1588 1461 1618 persona
1493 1579 1661 1619 singularis
1692 1590 1747 1609 seu
1772 1580 1905 1620 privata,

253 1628 477 1668 cuiuscumque
496 1628 733 1668 preeminencie
759 1628 808 1657 vel
826 1632 926 1658 status
943 1629 1096 1662 extiterit,
1122 1634 1231 1659 contra
1256 1628 1393 1659 eandem
1415 1629 1597 1660 libertatem
1623 1640 1678 1660 seu
1697 1632 1905 1662 emunitatem

251 1679 301 1711 vel
329 1680 360 1709 in
389 1680 456 1710 eius
484 1679 731 1719 derogacionem
761 1680 954 1720 quicquamh
986 1680 1049 1710 suis
1079 1680 1214 1711 subditis
1243 1681 1409 1721 precipere
1438 1682 1542 1711 suisve
1573 1682 1736 1721 iniungere
1762 1706 1768 1712 .
1794 1706 1800 1712 .
1831 1693 1903 1713 eon—

250 1730 360 1761 vicinis
383 1733 439 1760 aut
462 1729 540 1760 alias
570 1729 729 1760 ullatenus
756 1730 864 1761 faeere
896 1741 951 1760 seu
976 1734 1171 1772 attemptare
1202 1732 1230 1761 in
1262 1732 1470 1772 prciudieium
1501 1733 1707 1763 eeclesiarum
1733 1744 1768 1763 ae
1794 1745 1903 1764 mona-

251 1782 418 1812 steriorum
456 1786 651 1812 vestrorumc
687 1791 857 1812 suarumvc
894 1783 1181 1814 ecclesiasticarum
1218 1795 1425 1824 personarum
1466 1785 1657 1815 ecmiunctim
1694 1785 1743 1816 vel
1779 1786 1903 1816 divisim

251 1836 436 1874 presumant
460 1833 524 1863 ullo
550 1837 694 1873 tempore
719 1844 774 1864 seu
800 1838 972 1874 presumat.
1020 1833 1052 1865 Si
1078 1836 1147 1875 quis
1171 1839 1278 1866 autem
1304 1836 1484 1866 huiusmodi
1511 1837 1607 1866 nostri
1632 1837 1766 1873 decreti,
1796 1837 1903 1877 edicti,

250 1885 359 1915 statuti
383 1895 419 1916 ac
443 1886 614 1915 sanctionis
631 1888 846 1926 transgressor
871 1887 1022 1923 extiterit,
1048 1887 1071 1916 si
1097 1888 1307 1918 communitas
1332 1898 1387 1918 seu
1405 1888 1593 1919 universitas
1618 1888 1666 1919 vel
1693 1913 1698 1918 .
1721 1912 1727 1917 .
1753 1892 1903 1927 rectores,

252 1960 257 1967 .
277 1961 282 1966 .
306 1936 449 1977 magistri
466 1937 532 1967 sive
557 1960 588 1967 ..
614 1937 830 1977 proconsules,
857 1963 861 1968 .
883 1962 887 1967 .
914 1938 1060 1968 eonsules
1077 1948 1114 1968 ac
1132 1939 1297 1969 consilium
1315 1942 1369 1970 aut
1395 1964 1424 1969 ..
1451 1939 1604 1970 scultetus
1629 1950 1684 1970 seu
1710 1965 1715 1970 .
1735 1964 1740 1969 .
1766 1940 1903 1979 sculteti7

277 2011 282 2017 .
308 1989 508 2029 eentgravius
532 1999 588 2019 seu
614 2013 644 2019 ..
670 1989 844 2029 centgravii
869 2000 906 2020 ac
932 2014 962 2020 ..
988 1990 1107 2020 scabini
1133 2001 1189 2021 seu
1214 2015 1245 2022 ..
1272 1990 1393 2021 iudices
1418 2001 1473 2021 seu
1500 2016 1530 2022 ..
1557 1992 1718 2022 iusticiarii
1744 1992 1903 2022 seculares

251 2049 400 2070 eorumve
424 2043 568 2080 potestas
592 2040 687 2071 fuerit
710 2051 765 2071 scu
790 2041 921 2079 fuerint,
953 2044 1080 2072 centum
1105 2042 1202 2072 libras
1225 2043 1308 2075 auri,
1338 2044 1362 2072 si
1392 2053 1467 2073 vero
1499 2043 1667 2083 singularis
1698 2053 1753 2073 seu
1778 2044 1903 2083 privata

250 2101 396 2131 persona,
422 2092 651 2133 quinquaginta
676 2092 772 2123 libras
804 2093 873 2123 auri
897 2097 1103 2134 componant,
1134 2094 1310 2124 medietate
1342 2094 1493 2124 librarum
1524 2095 1663 2134 ipsarum
1695 2098 1902 2135 utrarumque

250 2152 443 2173 summarum
473 2153 599 2174 camere
632 2146 737 2174 nostre
767 2153 824 2175 seu
851 2143 927 2174 fisco
951 2144 1088 2175 Romani
1117 2145 1243 2185 imperii
1271 2155 1309 2176 ac
1340 2146 1469 2176 residua
1493 2145 1667 2175 medietate
1693 2146 1904 2176 communiter

250 2193 309 2234 ipsi
334 2218 340 2224 .
361 2219 366 2224 .
392 2195 542 2235 episcopo
566 2194 795 2235 Herbipolensi
825 2206 881 2235 pro
912 2200 1056 2236 tempore.
1087 2197 1236 2227 existenti
1267 2207 1304 2227 ae
1329 2198 1430 2227 eciam
1457 2197 1590 2227 ecclesie
1616 2207 1671 2227 seu
1697 2197 1839 2227 ecclesiis
1863 2208 1900 2227 ae

249 2246 443 2275 monasterio
468 2255 523 2276 seu
547 2247 749 2277 monasteriis
774 2247 897 2285 vestris,
923 2247 1012 2277 euius
1036 2247 1086 2278 vel
1111 2257 1247 2288 quarum
1272 2258 1328 2279 seu
1355 2259 1488 2289 quorum
1515 2248 1646 2278 libertas
1671 2259 1724 2278 seu
1743 2249 1900 2279 emunitas

251 2295 467 2327 ecelesiastica
490 2297 520 2326 in
546 2307 579 2327 se
603 2298 691 2328 suive
715 2308 849 2339 persona
875 2309 930 2329 seu
948 2299 1092 2339 personis
1109 2299 1343 2339 ecclesiasticis,
1368 2303 1401 2330 ut
1426 2300 1629 2340 premittitur,
1654 2300 1750 2330 fuerit
1772 2300 1900 2337 violata,

251 2347 510 2378 irremissibiliter
533 2350 643 2390 utique
667 2350 869 2390 applicanda.

356 2398 510 2430 Preterea
534 2399 593 2430 hoo
619 2400 749 2431 decreto
774 2406 880 2432 nostro
906 2401 1006 2441 regali
1031 2402 1199 2432 statuimus
1225 2406 1256 2432 et
1280 2404 1466 2438 sanccimus,
1492 2406 1536 2441 ut,
1561 2403 1585 2432 si
1611 2403 1821 2432 communitas
1845 2414 1901 2433 scu

249 2450 437 2481 universitas
466 2451 531 2481 sive
557 2475 587 2481 ..
619 2452 777 2492 magistri,
803 2477 808 2482 .
829 2477 833 2482 .
860 2456 1000 2483 rectores
1034 2463 1090 2483 seu
1116 2478 1122 2483 .
1142 2477 1148 2484 .
1172 2455 1393 2494 proconsules,
1428 2479 1458 2484 ..
1492 2454 1637 2484 consules
1667 2465 1702 2483 ae
1734 2454 1899 2484 consilium

250 2505 304 2531 aut
328 2525 360 2532 ..
390 2502 543 2533 scultetus
573 2513 629 2533 seu
654 2527 684 2534 ..
710 2504 849 2539 sculteti,
876 2528 906 2536 ..
933 2505 1134 2545 centgravius
1167 2516 1222 2536 seu
1249 2530 1279 2536 ..
1305 2506 1481 2546 centgravii
1515 2516 1551 2535 ae
1577 2530 1608 2536 ..
1637 2505 1756 2535 scabini
1786 2516 1840 2535 sen
1866 2530 1871 2536 .
1892 2530 1898 2536 .

250 2551 370 2583 iudices
400 2554 465 2584 sive
491 2578 521 2584 ..
546 2554 710 2585 iusticiarii
737 2555 899 2586 seculares
928 2566 1079 2586 eorumve
1108 2560 1251 2596 potestas
1280 2560 1334 2588 aut
1364 2557 1465 2587 eciam
1496 2556 1662 2597 singularis
1693 2567 1747 2587 seu
1776 2557 1899 2597 privata

251 2607 386 2642 persona
410 2607 483 2635 ante
500 2605 581 2636 hanc
599 2607 794 2637 sanctionem
812 2610 952 2638 nostram
977 2607 1007 2637 in
1025 2609 1217 2638 contrarium
1236 2608 1351 2646 facere,
1377 2613 1410 2639 ut
1428 2608 1611 2649 predicitur,
1637 2612 1899 2648 presumpserunt

251 2654 493 2694 quomodolibet
516 2667 571 2687 seu
588 2659 790 2698 presumpsit,
815 2661 888 2689 tunc
912 2658 1070 2688 huismodi
1092 2659 1249 2690 forefacta
1267 2661 1454 2701 quantocius
1479 2663 1549 2700 post
1575 2659 1753 2689 liuiusmmli
1780 2659 1897 2688 decreti

351 2738 416 2766 343.
445 2741 468 2771 a)
487 2742 588 2767 Boemie
607 2744 628 2766 2.
718 2743 741 2773 ὓ)
762 2744 900 2775 quidquam
919 2747 942 2768 2.
1031 2745 1053 2775 c)
1074 2749 1215 2770 vestrarum
1238 2748 1260 2770 2.

353 2799 391 2816 u..
403 2799 625 2818 coxsnrcrlosss
639 2801 695 2818 vin.
1634 2794 1689 2819 491.
