2189 2984
261 136 322 165 250·
726 130 819 158 ACTA
841 131 953 158 REGNI
975 131 1107 157 KAROLI
1127 131 1173 156 IV.
1211 131 1285 157 1347.
1322 130 1369 156 Nr.
1383 130 1441 156 229.

370 221 414 260 (¹)
440 218 518 250 Cum
537 222 644 249 autem
662 229 720 259 per
736 229 831 249 unam
849 228 889 248 ex
907 217 1027 248 eisdem
1046 218 1159 247 litteris
1184 217 1251 248 fore
1268 227 1363 258 super
1387 227 1425 248 eo
1443 215 1650 257 descripseris
1666 217 1913 257 providendum,

262 271 347 312 quod
371 271 478 311 magni
503 270 657 300 officiales
680 270 770 310 regni
795 269 912 307 Sicilie,
936 268 1088 299 videlicet
1104 269 1257 308 magister
1280 268 1480 307 iusticiarius,
1505 267 1718 306 constabulus,
1735 268 1913 300 admiratus

262 327 294 354 et
317 323 380 361 alii,
405 323 487 363 siqui
511 322 572 352 sint
596 321 685 357 tales,
710 332 773 352 non
797 322 978 361 reciperent
1001 320 1170 360 stipendia,
1194 320 1253 350 nisi
1277 330 1314 350 eo
1339 319 1445 357 modo,
1471 329 1532 359 quo
1548 319 1749 360 recipiebant
1765 323 1911 361 tempore

262 375 345 405 clare
375 374 529 404 memorie
553 373 687 404 Roberti
711 373 795 413 regis
820 372 941 407 Sicilie,
971 382 1040 402 cum
1065 371 1159 401 aliter
1183 371 1268 401 facta
1292 370 1474 401 huiusmodi
1503 371 1645 411 receptio
1674 371 1705 401 in
1737 371 1911 412 dampnum

262 436 322 456 non
340 425 501 455 modicum
526 425 642 465 regalis
666 425 759 455 erarii
784 423 898 454 cedere
924 423 1116 461 dinoscatur,
1140 433 1207 462 nos,
1233 423 1286 463 qui
1310 422 1430 452 dudum
1455 426 1527 463 post
1549 423 1787 453 revocationem
1811 433 1910 463 gene·
1945 437 1960 454 5.

261 477 360 507 ralem
384 487 442 517 per
465 486 522 506 nos
546 475 663 506 factam
693 475 731 506 de
757 474 946 505 officialibus
977 485 1035 514 per
1063 473 1181 504 dictum
1212 484 1321 514 regem
1352 474 1383 504 in
1414 484 1470 504 sua
1502 473 1710 514 dispositione
1738 474 1852 504 ultima
1878 474 1910 504 in

261 532 404 559 nostrum
428 531 460 558 et
483 527 618 558 ecclesie
642 526 799 565 Romane,
823 526 863 556 ad
889 537 967 566 quos
991 529 1063 566 post
1087 525 1162 555 dicti
1186 526 1270 566 regis
1295 525 1416 556 obitum
1440 525 1672 556 administratio
1697 526 1786 566 regni
1804 524 1912 556 Sicilie

261 580 454 621 pertinebat,
478 579 688 620 preiudicium
713 578 874 619 deputatis
900 577 938 607 de
957 576 1117 617 pacientia
1134 576 1218 607 sedis
1243 577 1417 617 apostolice
1442 580 1475 607 et
1491 576 1531 607 ad
1548 577 1731 607 instantiam
1748 577 1911 607 carissime

261 634 291 663 in
317 631 442 662 Christo
467 630 530 661 filie
555 634 660 661 nostre
685 630 828 660 Iohanne
853 630 962 669 regine
988 628 1094 659 Sicilie
1119 628 1248 658 illustris
1273 628 1488 666 toleravimus,
1514 628 1598 669 quod
1615 628 1713 669 aliqui
1731 638 1771 658 ex
1789 628 1911 658 eisdem

262 683 450 714 officialibus
468 685 598 723 propter
614 681 768 712 honorem
787 691 888 719 suum,
907 679 1080 711 dummodo
1098 690 1160 710 non
1178 681 1358 720 reciperent
1374 680 1544 720 stipendia,
1568 682 1780 719 remanerent,
1805 679 1911 710 eidem
1931 692 1958 711 ιο

260 736 370 775 regine
396 744 491 775 super
515 733 665 774 predictis
690 732 855 773 stipendiis
884 735 916 762 ot
944 732 1014 762 aliis
1039 731 1344 771 reprehensibilibus
1373 735 1404 762 et
1428 731 1687 772 preiudicialibus
1716 730 1807 761 factis
1835 732 1912 771 suis,

261 787 300 817 de
326 786 440 827 quibus
468 786 497 815 in
527 785 586 815 tuis
615 784 765 825 predictis
794 784 906 814 litteris
934 783 1001 813 fieri
1031 783 1167 813 vidimus
1195 784 1407 819 mentionem,
1439 784 1596 814 invective
1627 782 1792 814 scribimus
1820 783 1911 814 iuxta

261 841 407 876 formam,
433 847 527 878 quam
552 836 666 867 cedula
690 836 832 866 continet
855 835 1056 876 presentibus
1080 834 1259 865 interclusa.

368 900 413 935 (2)
439 896 591 928 Ceterum
616 906 712 936 super
736 895 819 926 facto
845 896 981 926 civitatis
999 895 1236 925 Terracinensis
1254 899 1285 925 et
1302 894 1381 932 aliis,
1407 904 1468 935 que
1486 897 1596 924 contra
1612 895 1756 934 reginam
1774 895 1910 925 eandem

261 961 317 991 per
342 950 516 981 Ianuenses
545 951 736 988 attemptata
764 947 924 985 dicuntur,
963 946 1083 977 eisdem
1109 946 1316 976 Ianuensibus
1340 956 1398 986 per
1421 944 1594 986 specialem
1618 946 1767 976 nuncium
1791 945 1832 975 ad
1856 956 1911 976 eos
1931 958 1957 976 15

260 1002 453 1032 destinatum
478 1001 669 1040 scripsimus,
694 1000 817 1040 ipsique
842 998 932 1028 nobis
956 997 1131 1028 rescribere
1156 1008 1311 1038 suumque
1335 996 1508 1037 specialem
1526 997 1674 1027 nuncium
1692 996 1852 1028 destinare
1869 997 1911 1028 ad

260 1058 399 1084 nostram
432 1052 625 1093 presentiam
663 1054 866 1087 curaverunt,
905 1053 1071 1090 sperantes
1108 1059 1148 1079 ex
1183 1049 1258 1086 hiis,
1294 1058 1355 1089 que
1391 1048 1499 1079 retulit
1534 1049 1666 1079 nuncius
1700 1048 1911 1089 supradictus,

260 1105 494 1135 restitutionem
519 1103 610 1133 nobis
634 1102 754 1132 realem
778 1102 847 1131 ficri
871 1101 910 1131 de
935 1101 1062 1131 civitate
1088 1100 1242 1140 predicta.

369 1164 415 1205 (3)
452 1163 502 1193 Ad
527 1163 585 1193 hec
609 1172 704 1202 super
732 1161 805 1199 hiis,
838 1171 899 1201 que
931 1160 970 1191 de
1003 1161 1114 1200 pannis
1139 1163 1170 1190 et
1197 1159 1291 1190 rebus
1321 1161 1382 1190 tuis
1414 1161 1575 1200 occupatis
1605 1171 1662 1200 per
1690 1160 1778 1190 illum
1808 1161 1911 1191 civem

257 1217 438 1247 Romanum
471 1216 602 1255 eiusque
633 1213 806 1253 complices
837 1216 869 1243 et
904 1213 1001 1242 etiam
1036 1212 1208 1251 asportatis
1243 1212 1395 1251 scripsisti
1428 1211 1489 1241 tuis
1520 1211 1634 1241 litteris
1664 1212 1800 1250 iteratis,
1832 1212 1912 1242 alias
1931 1222 1958 1241 20

256 1268 379 1298 litteras
415 1270 538 1297 nostras
574 1265 647 1296 inde
685 1265 898 1295 concessimus
929 1268 961 1294 et
990 1274 1070 1294 nunc
1101 1264 1198 1294 etiam
1226 1262 1440 1301 concedimus,
1470 1263 1551 1293 sicut
1583 1273 1624 1293 ex
1655 1273 1764 1294 earum
1794 1266 1914 1294 tenore

256 1320 408 1360 colligere
432 1318 563 1359 poteris,
587 1319 768 1357 oportunas.

364 1380 409 1418 (4)
435 1378 556 1408 Rursus
580 1387 650 1407 cum
676 1376 716 1406 de
741 1376 824 1406 facto
850 1376 989 1417 quodam
1015 1375 1120 1406 Caroli
1145 1375 1266 1406 Artusii
1295 1378 1327 1406 et
1350 1375 1510 1416 aliquibus
1537 1375 1615 1406 illud
1645 1375 1850 1416 tangentibus
1880 1376 1911 1406 in

257 1431 318 1461 tuis
342 1430 494 1471 predictis
518 1429 631 1459 litteris
654 1429 774 1458 mentio
798 1427 985 1465 haberetur,
1015 1438 1072 1458 nos
1096 1426 1270 1458 venerabili
1302 1426 1390 1457 fratri
1421 1430 1528 1457 nostro
1554 1425 1727 1458 Guillelmo
1758 1428 1911 1468 episcopo

258 1483 421 1513 Casinensi
446 1482 509 1512 suis
533 1480 648 1511 exinde
674 1480 958 1510 consultationilms
982 1479 1206 1520 respondendo
1229 1479 1395 1509 scribimus
1419 1482 1586 1518 oportune,
1611 1489 1707 1519 quem
1731 1489 1826 1519 super
1850 1478 1911 1509 hiis
1930 1486 1957 1506 25

257 1538 289 1565 ct
313 1534 382 1564 aliis
407 1544 464 1574 per
488 1534 590 1573 ipsum
615 1532 747 1572 agendis
772 1532 833 1561 tuis
856 1531 994 1562 consiliis
1019 1535 1051 1561 et
1067 1530 1294 1562 directionibus
1312 1530 1513 1569 remittimus,
1539 1530 1653 1571 quibus
1674 1541 1746 1561 eum
1764 1530 1911 1561 volumus

257 1588 383 1626 penitus
407 1585 578 1621 adherere,
611 1585 691 1614 sicut
714 1584 745 1613 in
769 1582 925 1613 dictarum
949 1582 1126 1613 litterarum
1151 1583 1357 1622 transcripto,
1389 1581 1474 1622 quod
1500 1582 1555 1612 tibi
1580 1583 1749 1621 mittimus,
1780 1582 1910 1614 videre³

258 1638 379 1678 poteris
403 1637 566 1667 contineri.
894 1631 895 1634 ¹

365 1700 412 1735 (ὃ)
445 1696 494 1726 Ad
520 1695 574 1725 illa
599 1705 729 1735 nempe,
760 1705 821 1735 que
851 1695 890 1724 de
915 1695 1077 1725 carissimo
1107 1695 1137 1724 in
1163 1694 1288 1724 Christo
1317 1693 1380 1723 filio
1411 1696 1517 1723 nostro
1544 1692 1659 1723 Carolo
1684 1703 1760 1734 rege
1784 1693 1905 1724 Roma-

257 1759 368 1778 norum
394 1747 505 1777 illustri
531 1757 566 1777 ac
592 1746 782 1787 quibusdam
807 1747 877 1776 aliis
902 1750 953 1776 tue
979 1746 1214 1786 subiungebant
1238 1745 1359 1782 littere,
1391 1744 1638 1785 respondemus,
1670 1745 1755 1785 quod
1782 1745 1821 1776 de
1846 1746 1908 1777 fide
1929 1753 1954 1772 30

257 1810 293 1830 ac
323 1800 494 1830 devotione
524 1799 607 1839 regis
639 1798 796 1831 eiusdem,
830 1799 882 1838 qui
912 1798 1018 1832 nobis,
1051 1798 1256 1831 sicut¹nosti,
1293 1808 1353 1827 non
1384 1797 1486 1826 solum
1516 1797 1609 1826 solita
1639 1796 1695 1826 sed
1724 1797 1820 1827 etiam
1845 1798 1909 1828 alia

257 1851 395 1891 prestitit
420 1854 452 1880 et
475 1854 618 1890 prestare
644 1849 740 1879 debet
764 1850 793 1879 in
819 1848 964 1879 manibus
988 1850 1084 1879 nostri
1110 1849 1257 1889 specialis
1282 1849 1417 1885 1111110111Ί
1450 1858 1544 1888 quem
1573 1848 1614 1878 ad
1639 1858 1711 1878 eum
1737 1852 1909 1889 propterea

256 1903 416 1939 misimus,
442 1903 633 1940 iuramenta,
659 1900 860 1939 confidimus,
885 1900 969 1940 quod
987 1901 1027 1930 ad
1053 1900 1170 1940 aliqua,
1196 1910 1257 1939 que
1283 1904 1392 1930 contra
1417 1899 1571 1929 honorem
1598 1903 1630 1930 et
1654 1901 1722 1930 iura
1746 1904 1852 1930 nostra
1877 1903 1910 1930 et

258 1954 392 1984 ecclesie
424 1953 590 1988 cederent,
621 1963 683 1982 non
714 1951 920 1992 attemptabit
950 1952 1087 1992 aliquid:
1120 1952 1175 1982 sed
1200 1952 1310 1991 pocius
1334 1952 1448 1981 nostris
1473 1954 1504 1981 et
1528 1951 1626 1991 ipsius
1651 1951 1784 1982 ecclesie
1809 1951 1907 1982 benc-

257 2005 382 2044 placitis
417 2015 450 2034 se
487 2009 640 2044 coaptans
675 2003 713 2034 de
750 2003 842 2034 terris
876 2004 990 2034 nostris
1023 2007 1054 2033 ct
1089 2004 1222 2034 ecclesie
1257 2003 1423 2033 inferendo
1459 2002 1613 2043 dampna,
1651 2002 1819 2033 violentias
1855 2003 1907 2034 vel
1927 2013 1952 2032 35

258 2057 386 2086 iniurias
411 2066 444 2086 se
470 2056 650 2086 nullatenus
674 2055 872 2085 intromittet.

366 2118 412 2155 (o)
445 2115 494 2146 De
519 2116 580 2145 illis
610 2119 717 2145 autem
747 2115 870 2145 duobus
900 2115 1071 2153 nobilibus,
1103 2116 1157 2156 qui
1188 2125 1221 2145 se
1246 2114 1431 2145 falsificasse
1456 2118 1579 2144 nostras
1609 2114 1745 2151 litteras,
1777 2114 1909 2146 alterius

258 2171 363 2197 tamen
400 2168 574 2197 ministerio
606 2171 637 2197 et
668 2167 788 2207 absque
820 2167 1034 2207 cuiuscunque
1068 2166 1258 2207 prciudicio,
1294 2166 1349 2196 tibi
1382 2165 1439 2195 sub
1473 2165 1679 2195 confessionis
1714 2170 1908 2206 aperuerunt

257 2222 380 2249 secreto
411 2223 442 2249 et
474 2222 585 2258 petunt
609 2218 785 2254 humiliter,
814 2219 894 2248 sicut
919 2229 958 2248 ex
983 2221 1109 2248 tuarum
1133 2218 1311 2248 litterarum
1337 2221 1446 2248 tenore
1475 2217 1691 2257 percepimus,
1722 2227 1755 2247 se
1773 2217 1906 2257 absolvi,

256 2270 396 2300 breviter
420 2270 664 2310 respondemus,
696 2269 781 2310 qnod
805 2270 934 2300 attentis
959 2261 1114 2299 contentis
1139 2270 1168 2299 in
1194 2269 1285 2299 dictis
1310 2269 1370 2299 tuis
1395 2269 1523 2307 litteris,
1548 2267 1708 2307 volumus,
1743 2269 1827 2309 quod
1852 2280 1907 2300 eos
1925 2279 1954 2297 40

257 2322 346 2351 iuxta
371 2321 506 2351 formam
532 2321 666 2351 ecclesie
691 2332 709 2351 a
733 2322 890 2352 sententia
908 2321 1252 2361 excotmun)icationis,
1279 2331 1373 2361 quam
1392 2320 1589 2350 incurrerunt
1606 2322 1737 2359 propter
1754 2320 1823 2359 hoe,
1848 2320 1904 2351 ab·

258 2373 380 2403 solvere
406 2373 464 2403 hac
486 2373 553 2402 vice
577 2373 685 2403 valeas
710 2373 849 2403 iniuncta
874 2373 919 2403 cis
942 2383 998 2413 pro
1017 2372 1118 2403 salute
1142 2373 1320 2403 animarum
1338 2381 1476 2409 suarum,
1501 2371 1581 2401 sicut
1606 2371 1759 2411 expedire
1778 2371 1904 2411 videris,

258 2424 434 2463 penitentia
457 2424 597 2454 salutari.

364 2485 408 2521 (7)
433 2483 534 2513 Porro
551 2483 694 2513 intimate
713 2483 802 2513 nobis
819 2484 976 2513 novitates
993 2494 1088 2523 super
1105 2483 1319 2514 commotione
1338 2482 1448 2523 populi
1464 2481 1680 2522 Neapolitani,
1697 2483 1904 2523 suspensione

257 2534 340 2564 illius
372 2534 507 2564 hominis
532 2538 563 2564 et
592 2535 831 2575 expugnatione
860 2535 954 2564 castri
980 2534 1154 2565 redduntur
1178 2534 1267 2564 nobis
1295 2545 1357 2564 non
1388 2534 1547 2564 immerito
1572 2533 1777 2574 displicibiles
1802 2538 1833 2564 et
1857 2535 1903 2565 in-
1924 2545 1951 2563 45

257 2586 352 2617 feste:
377 2585 433 2616 sed
459 2586 531 2626 quia
556 2585 640 2626 quod
666 2586 784 2616 factum
810 2590 866 2621 est,
892 2587 1001 2626 nequit
1024 2596 1080 2626 pro
1106 2585 1222 2616 infecto
1247 2585 1368 2624 haberi,
1393 2595 1488 2625 super
1505 2584 1585 2619 aliis,
1610 2595 1670 2625 que
1689 2589 1856 2616 occurrunt
1873 2589 1906 2616 et

361 2682 425 2709 2‘29.
455 2688 477 2715 ³)
497 2684 575 2708 videri
595 2684 628 2708 ]1’.

362 2748 386 2771 l)
408 2746 511 2771 chlzcct
532 2746 641 2772 Grraldi
661 2746 692 2772 de
713 2747 863 2780 illuynaco:
882 2749 914 2779 cf.
934 2755 1017 2779 supra
1038 2754 1078 2772 nr.
1095 2750 1227 2772 loz—169.
