2189 2984
358 170 410 197 1434
816 165 909 191 ACTA
931 165 1041 191 REGNI
1062 165 1195 191 KAHOL]
1217 165 1261 191 JV.
1300 165 1373 190 1340.
1412 164 1457 190 Nr.
1473 164 1528 190 101.

353 253 498 283 dominus
516 256 622 282 noster
647 262 729 292 papa
747 255 855 282 tenere
873 253 1044 288 consuevit,
1070 251 1269 292 presentibus
1286 250 1467 281 reverendis
1492 251 1521 280 in
1540 250 1665 281 Christo
1690 249 1832 290 patribus
1857 250 1992 280 dominis

352 307 552 334 saei-osainfte
578 303 721 333 Romane
747 303 880 333 ecclesie
898 303 1110 333 cardinalibus
1134 306 1166 334 ct
1189 303 1257 333 aliis
1274 302 1531 342 archiepiscopis,
1558 302 1724 342 episcopis,
1750 301 1868 339 electis,
1894 302 1991 332 abba-

352 355 437 385 tibus
462 359 492 385 et
517 355 650 385 aliorum
676 354 869 394 prelatorum
900 358 931 385 et
960 365 1165 395 personarum
1191 354 1477 385 ecclesiasticarum
1507 357 1539 384 et
1569 353 1758 383 secularium
1789 353 1991 384 multitudine

352 409 497 448 copiosa,
534 407 734 447 presentibus
769 407 865 437 etiam
893 406 1066 437 venerabili
1102 410 1191 446 patre
1229 405 1356 435 domino
1384 406 1521 435 Arnesto
1557 404 1711 445 Pragensi
1743 404 1993 445 archiepiscopo,

355 459 491 489 dominis
516 458 678 488 Ademaro
704 458 819 488 comite
837 457 1018 492 Valentino,
1043 458 1182 488 Ilenrico
1207 457 1322 487 00111110
1348 456 1386 486 (10
1404 456 1528 495 Salmis,
1553 456 1697 486 Gerardo
1722 456 1762 486 (10
1779 456 1993 496 Grandiprato

353 511 482 541 domino
509 510 548 540 de
573 510 772 546 IIuffalisia³¹,
798 509 962 540 Gauthero
987 509 1026 540 (10
1051 509 1194 539 Montilio
1220 512 1250 538 et
1276 508 1416 538 Iohanne
1441 507 1480 538 de
1504 508 1740 548 Asperomonte
1764 507 1929 546 militibus,
1958 517 1994 538 ae

353 561 589 592 veneraljiilibus
614 562 686 591 viris
710 562 869 601 magistris
890 560 1033 591 Gerardo
1059 560 1097 591 (10
1122 560 1278 600 Magnaco
1303 558 1526 589 archidiacono
1551 559 1589 589 de
1606 558 1780 589 Bauthesio
1804 559 1835 589 111
1859 558 1995 589 ecclesia

353 613 607 651 Constaneiensi,
638 612 808 652 Rodulpho
840 612 922 642 dieto
946 612 1052 642 Luoze
1078 611 1205 641 officiali
1230 611 1434 649 Trevcrensi,
1467 610 1609 641 Iohanne
1643 610 1681 641 (10
1711 610 1848 640 Pistorio
1873 610 1994 641 decano

354 664 488 695 ecclesie
505 665 604 694 sancti
618 664 791 694 Salvatoris
805 664 1027 699 Traiactensis,
1046 663 1178 693 Nicolao
1197 662 1235 692 (10
1249 661 1471 702 Lucemburgo
1489 662 1650 702 preposito
1665 661 1798 692 ecclesie
1813 661 1996 692 Saczensisb

355 716 527 756 Pragonsis
551 715 712 756 dyocesis,
744 716 864 745 nunciis
892 718 923 745 et
946 714 1205 755 procuratoribus
1233 714 1425 744 serenissimi
1456 713 1606 754 principis
1635 713 1753 743 domini
1777 713 1883 744 Caroli
1911 714 1995 753 regis

354 768 487 798 Boemic
512 768 542 797 in
574 778 683 808 regem
714 767 931 798 Rouutnorum
961 767 1070 798 electi.
1104 770 1196 806 prout
1231 765 1269 795 de
1300 766 1439 806 ipsorum
1463 764 1613 795 mandato
1643 764 1738 795 fidem
1769 764 1926 801 fecerunt,
1963 767 1996 794 ut

354 819 484 849 inferius
509 818 663 859 aparebit,
688 819 718 848 in
743 822 939 848 nostrorum⁰
963 819 1058 849 etiam
1083 817 1275 847 notariorum
1301 816 1499 857 publicorum
1525 820 1556 846 et
1580 816 1707 847 testium
1724 816 1995 856 infrascriptorum

356 871 526 911 presentia,
552 881 623 901 011111
647 870 731 901 idem
757 870 903 900 domiuus
927 874 1034 900 noster
1058 880 1140 910 papa
1164 869 1388 899 001101101101111
1412 868 1610 908 solempnem
1635 868 1777 903 fecisset,
1802 871 1895 908 prout
1920 867 1995 897 facti

354 922 491 962 qualitas
516 922 676 962 exigebat,
703 926 734 952 et
752 922 891 952 breviter
914 922 996 951 inter
1019 921 1082 951 alia
1100 921 1263 951 recitasset
1280 920 1478 950 vacationem
1502 919 1626 960 imperii
1652 919 1805 950 diutinam
1830 922 1861 949 et
1884 919 1995 959 longe-

355 984 440 1007 vam,
478 973 626 1004 videlicet
655 984 673 1004 a
707 977 850 1013 tempore
884 973 988 1003 obitus
1017 973 1217 1012 imperatoris
1240 971 1371 1002 Henrici
1399 972 1449 1001 avi
1480 971 1555 1001 (11011
1580 971 1698 1001 domini
1724 970 1843 1006 Caroli,
1879 970 1932 1011 qui
1956 969 1996 1000 de

355 1035 436 1055 anno
468 1025 595 1055 Domini
626 1024 866 1055 MUOC‘JXIH.
897 1028 927 1055 et
961 1024 1011 1054 die
1046 1023 1188 1054 XXIIII.
1223 1024 1339 1053 mensis
1369 1023 1505 1063 Augusti
1541 1022 1625 1053 diem
1654 1023 1717 1053 vite
1748 1033 1802 1053 sue
1834 1021 1998 1053 dicebatur

355 1076 506 1106 clausisse
524 1079 711 1115 extremam,
735 1077 765 1105 in
783 1086 845 1116 qua
862 1076 1027 1106 vacatione
1052 1075 1136 1105 mala
1152 1075 1287 1115 plurima
1314 1078 1345 1105 et
1362 1085 1548 1115 guerrarum
1566 1074 1747 1105 discrimina
1770 1077 1997 1111 successerunt,

355 1138 391 1158 ac
423 1128 519 1158 etiam
548 1129 713 1158 recitasset
743 1128 931 1158 electionem
962 1138 1017 1157 seu
1048 1127 1220 1157 electiones
1249 1126 1411 1157 discordes
1439 1126 1600 1157 Frcderici
1624 1126 1753 1156 Austrie
1785 1130 1816 1156 et
1845 1125 1999 1156 Ludovici

355 1179 491 1209 Bavarie
523 1179 683 1219 quondam
714 1179 829 1209 ducum
860 1183 891 1209 01
921 1183 1054 1209 1110110111
1087 1178 1162 1209 (11011
1192 1178 1355 1209 Frcdcrici
1385 1181 1416 1208 01
1445 1177 1605 1219 quomodo
1634 1188 1692 1218 per
1719 1178 1819 1209 felicis
1849 1178 1997 1209 recorda-

356 1231 449 1261 tionis
484 1230 644 1261 dominum
675 1231 849 1261 Iohannem
882 1242 998 1271 papam
1030 1230 1137 1261 XXII,
1169 1230 1428 1270 predecessorem
1464 1240 1553 1260 suum
1589 1229 1690 1260 dictus
1719 1229 1900 1260 Ludovicus
1935 1231 1998 1260 suis

356 1282 519 1312 demeritis
547 1283 748 1322 exigentibus
777 1283 917 1323 privatus
945 1282 1049 1312 fuerat
1079 1282 1162 1311 omni
1192 1282 1272 1318 iure,
1303 1282 1327 1311 si
1357 1280 1441 1321 quod
1473 1292 1513 1311 ex
1542 1281 1698 1311 electione
1727 1280 1785 1311 sibi
1815 1284 1997 1322 competere

356 1337 505 1374 potuerat
528 1334 558 1363 in
577 1334 709 1374 imperio
735 1344 790 1364 seu
813 1335 843 1364 in
861 1344 969 1374 regno,
994 1333 1143 1374 quodque
1168 1333 1251 1363 idem
1271 1332 1416 1363 dominus
1432 1336 1538 1363 noster
1554 1333 1763 1373 requisiverat
1785 1335 1816 1363 ct
1833 1336 1999 1363 monuerat

359 1385 514 1415 electores
539 1386 673 1426 imperii,
698 1390 731 1416 ut
755 1385 795 1415 ad
813 1386 1002 1415 electionem
1027 1385 1159 1415 alicuius
1176 1384 1249 1415 boni
1268 1385 1334 1423 viri,
1359 1395 1415 1425 per
1440 1394 1534 1425 quem
1552 1387 1660 1425 posset
1683 1387 1730 1415 101
1746 1385 1854 1415 mundi
1878 1385 1997 1415 incom-

357 1435 565 1467 moditatiljuis
593 1436 714 1467 obviari
745 1440 776 1467 01
805 1437 923 1467 utilitas
953 1436 1079 1477 publiea
1110 1436 1270 1476 procurari
1295 1446 1351 1466 seu
1382 1436 1565 1468 reformari,
1601 1436 1826 1476 procederent,
1858 1437 1998 1477 alioquin

360 1491 523 1528 oporteret
550 1487 686 1518 eundem
719 1487 880 1518 dominum
912 1492 1053 1518 nostrum
1084 1487 1123 1517 de
1155 1491 1310 1527 oportuno
1342 1487 1483 1518 remedio
1512 1488 1694 1527 providere,
1727 1489 1860 1518 recitato
1891 1489 1998 1527 etiam,

358 1539 519 1580 quomodo
545 1539 647 1570 dictus
672 1540 817 1570 dominus
842 1540 975 1571 Carolus
1008 1540 1128 1570 electus
1159 1540 1262 1569 fuerat
1293 1539 1377 1579 apud
1402 1539 1526 1570 Rensed
1551 1540 1639 1569 iuxta
1663 1539 1899 1570 Confluenciam
1924 1550 1998 1570 con-

358 1591 497 1621 corditer
521 1601 576 1631 per
601 1591 766 1629 electores,
792 1592 842 1632 qui
861 1591 1047 1628 debuerunt,
1072 1595 1242 1631 potuerunt
1266 1595 1298 1620 et
1314 1591 1481 1621 voluerunt
1506 1591 1653 1621 electioni
1670 1592 1834 1630 interesse,
1859 1596 1891 1622 et
1915 1591 1999 1632 quod

359 1642 461 1672 dictus
486 1642 631 1672 dominus
655 1643 787 1673 Carolus
816 1643 955 1673 marchio
980 1643 1120 1673 Mol-avie
1150 1642 1297 1672 electioni
1328 1642 1385 1672 sibi
1420 1646 1601 1682 presentate
1630 1646 1701 1683 post
1729 1643 1834 1684 plures
1866 1644 1998 1684 requisi-

359 1694 462 1724 tiones
487 1698 517 1724 ct
541 1695 706 1734 rogamina
731 1694 789 1724 sibi
815 1694 913 1729 facta,
944 1698 978 1723 ut
1002 1695 1031 1723 in
1057 1693 1212 1724 electione
1237 1693 1277 1724 (10
1302 1694 1369 1734 ipso
1396 1694 1479 1724 facta
1503 1705 1592 1724 suum
1618 1698 1775 1734 prestaret
1799 1704 1998 1733 concensum,

358 1745 463 1775 eidem
489 1745 634 1775 electioni
653 1756 842 1775 conc-(uisum
867 1745 1156 1786 511111111110111101111,
1182 1746 1313 1776 recitato
1331 1746 1438 1782 etiam,
1463 1745 1622 1786 quomodo
1641 1745 1755 1785 prefati
1779 1749 1999 1786 procuratores

359 1800 390 1827 et
414 1797 516 1826 nuncii
541 1796 581 1826 ad
605 1797 723 1827 domini
747 1799 843 1827 nostri
874 1808 956 1838 pape
988 1798 1179 1838 presentiam
1211 1808 1251 1827 cx
1280 1801 1369 1837 parte
1394 1797 1536 1827 eiusdem
1568 1797 1686 1827 domini
1715 1797 1807 1827 electi
1837 1798 1999 1828 venientes

356 1849 604 1888 propositionem
623 1849 792 1879 instantem
817 1859 852 1879 ae
871 1849 1022 1879 humilem
1048 1852 1079 1879 et
1097 1849 1297 1889 frequentem
1315 1848 1607 1889 supplic-(ationem)
1632 1859 1688 1889 pro
1705 1848 1842 1889 benigna
1867 1848 1998 1889 expedi-

357 1901 441 1929 tione
467 1899 639 1930 obtinenda
664 1900 821 1938 fecerant,
853 1905 884 1931 et
913 1901 1072 1941 quomodo
1098 1900 1182 1930 idem
1216 1900 1361 1931 dominus
1385 1904 1491 1931 noster
1515 1900 1784 1931 examinationem
1809 1900 1892 1931 dicte
1917 1900 1999 1931 elec-

358 1952 450 1981 tionis
475 1956 538 1981 tam
569 1962 663 1991 super
694 1952 795 1982 forma
825 1952 989 1982 electionis
1014 1963 1107 1992 quam
1144 1963 1238 1992 super
1270 1963 1406 1992 persona
1435 1952 1528 1982 electi
1565 1952 1750 1982 comisserat
1781 1962 1836 1982 sex
1865 1952 2000 1982 dominis

358 2002 586 2041 cardinalibus,
622 2004 673 2043 qui
705 2003 936 2044 51111501111011101
968 2005 997 2034 111
1033 2004 1220 2034 concis-torio
1250 2003 1354 2034 eidem
1384 2003 1511 2034 domino
1543 2006 1649 2034 nostro
1674 2014 1757 2044 pape
1781 2004 1811 2034 in
1835 2004 2000 2044 presencia

358 2054 489 2084 fratrum
515 2065 641 2084 suorum
667 2055 865 2085 dominorum
883 2055 1089 2086 cardinalium
1114 2055 1240 2086 fidelem
1259 2055 1446 2085 relationem
1464 2056 1605 2085 fecerant
1629 2055 1668 2085 de
1686 2055 1845 2095 predictis,
1871 2055 1999 2086 tandem

358 2105 441 2135 idem
460 2106 605 2136 dominus
622 2110 728 2136 noster
752 2117 836 2147 papa
860 2106 901 2136 ad
918 2108 1133 2147 receptionem
1159 2107 1233 2136 dicti
1258 2106 1376 2136 domini
1394 2106 1500 2137 Caroli
1525 2107 1618 2138 electi
1643 2107 1672 2136 in
1696 2117 1785 2137 suum
1811 2110 1842 2137 et
1866 2107 1999 2137 ecclesie

359 2157 531 2197 specialem
557 2157 665 2195 tilium,
690 2158 932 2198 aprobationcm
950 2169 1094 2199 persone,
1119 2159 1359 2195 nuntiationem,
1385 2157 1671 2197 denunciationem,
1697 2159 1944 2199 assumptionem
1970 2162 2001 2189 ct

361 2208 609 2239 declarationem
634 2210 664 2238 in
689 2219 799 2249 regem
823 2209 1040 2240 Romanorum
1066 2210 1220 2250 processit
1244 2211 1273 2240 in
1298 2209 1379 2239 hunc
1404 2209 1547 2240 modum:

464 2268 542 2298 ‘Nos
566 2269 604 2298 ad
631 2269 1006 2300 laudem*intendantf
1038 2262 1137 2308 supra
1154 2280 1188 2308 p.
1211 2270 1270 2299 103
1294 2269 1348 2299 lin.
1368 2270 1501 2300 16—20.

362 2323 453 2359 prout
490 2320 518 2348 in
555 2320 690 2360 quadam
728 2321 841 2351 cedula
865 2322 997 2361 papii-ea
1026 2321 1115 2352 nobis
1146 2322 1276 2352 notariis
1305 2320 1490 2361 subscriptis
1521 2320 1559 2351 de.
1590 2321 1739 2352 mandato
1772 2322 1847 2353 dicti
1882 2322 2001 2353 domiui

360 2372 460 2400 nostri
486 2375 554 2410 post
580 2372 799 2402 recitationem
824 2373 924 2413 ipsam
951 2373 1065 2403 tradita
1089 2372 1187 2403 verba
1211 2372 1355 2413 predicta
1379 2373 1586 2403 continentur.

468 2422 673 2452 Postmodum
701 2434 774 2454 vero
800 2428 871 2464 post
895 2424 1037 2464 predicta
1054 2424 1152 2454 verba
1176 2424 1250 2454 dicti
1268 2423 1386 2453 domini
1411 2424 1508 2453 nostri
1533 2434 1616 2464 pape
1633 2423 1750 2455 ibidem
1776 2427 1808 2455 et
1832 2424 1862 2454 in
1887 2423 1999 2454 eodem

360 2473 429 2502 loco
464 2476 497 2503 et
523 2474 738 2513 presentibus,
771 2475 883 2515 quibus
907 2486 1014 2515 supra,
1040 2475 1171 2506 redditis
1195 2476 1280 2515 prius
1305 2474 1476 2505 humilibus
1499 2475 1672 2515 gratiarum
1697 2475 1872 2506 actionibus
1897 2474 2001 2505 eidem

2015 721 2039 739 10

2018 983 2040 1000 15

2018 1238 2042 1257 20

2019 1493 2042 1511 25

2019 1753 2043 1771 30

2020 2011 2043 2028 :55

2020 2280 2044 2297 41)

361 2523 489 2554 domino
513 2528 618 2555 nostro
651 2537 732 2565 pape
761 2537 798 2556 ac
827 2538 916 2556 sacro
949 2527 1084 2567 collegio
1114 2526 1312 2557 dominorum
1344 2526 1550 2557 cardinalium
1580 2527 1795 2567 predictorum
1819 2538 1876 2568 per
1900 2527 2000 2558 dictos
2018 2543 2042 2561 45

361 2580 583 2615 procuratores
612 2581 643 2606 et
673 2577 801 2607 nuncios
834 2578 947 2617 prefati
974 2578 1091 2608 domini
1117 2578 1221 2608 Caroli
1252 2579 1335 2618 regis
1358 2577 1575 2608 Romanorum
1601 2579 1697 2619 ipsius
1721 2580 1847 2609 nomine
1873 2579 1912 2609 dc
1937 2582 2001 2609 tam

361 2627 445 2657 felici
471 2627 676 2667 expe‹liti‹‡1ne
702 2640 759 2669 pcr
783 2630 920 2660 eundem
949 2630 1111 2661 dominum
1137 2634 1277 2661 nostrum
1303 2629 1401 2665 faeta,
1432 2629 1489 2659 fuit
1518 2629 1558 2659 ad
1586 2631 1813 2670 prestationem
1838 2630 2000 2661 fidelitatis

464 2712 525 2738 101.
546 2717 568 2743 ἢ)
586 2715 713 2739 liu-selina
733 2724 751 2738 c,
840 2715 863 2741 ¹¹)
885 2718 995 2741 Barzien.
1016 2726 1035 2741 c.
1127 2718 1148 2745 c)
1169 2717 1202 2740 siv
1222 2725 1241 2740 c.
1330 2715 1354 2741 ²¹)
1375 2717 1440 2740 Rest.
1461 2724 1480 2739 c.

466 2772 488 2802 l)
509 2772 596 2803 Supra
615 2780 655 2797 111.
672 2778 724 2798 1¹¹0.
