2189 2984
186 567 196 583 5

174 859 196 875 10

171 1114 192 1131 1⁵

168 1371 192 1389 20

167 1886 191 1904 30

167 2145 190 2164 35

167 2413 191 2430 40

167 2716 191 2734 45

679 129 775 155 ACTA
795 128 910 155 REGNI
930 128 1065 154 KAROL1
1086 128 1132 154 IV.
1170 129 1245 155 1:348.
1282 129 1329 155 Nr.
1345 130 1401 157 700.
1809 135 1870 166 709

243 277 328 305 mm
354 277 424 305 705.
460 274 708 306 PROOESSUS
734 275 762 305 A
787 273 1010 305 CAPITULO
1037 274 1191 305 OORAM
1215 275 1517 309 OoMMISSARIo
1542 279 1672 310 REGIS
1697 280 1855 311 MOTUS.

317 372 401 406 7eo.
440 372 655 416 Supplicate'o
683 371 830 416 capitale?
858 372 1093 406 commissario
1114 376 1288 416 porrecta.
1316 392 1365 396 ——
1392 374 1483 415 (Iul.
1505 378 1701 420 19.—A2cs].
1721 380 1775 420 3.)

330 445 590 484 Transsumptmn
620 446 654 476 ¹in
680 447 889 477 insto-amanto
917 446 1007 484 infra
1036 457 1085 479 nr.
1106 448 1167 476 704
1190 446 1395 485 publicando,
1424 449 1514 478 euius
1544 452 1659 480 tersum
1691 451 1712 481 S
1734 455 1743 481 l
1771 452 1869 483 solum

217 497 311 527 etiam
333 497 383 527 laic
405 497 614 528 adhibuimus.
642 517 678 520 —
703 497 873 528 Ineditum.

324 557 418 588 Hanc
432 557 691 596 supplicationem
707 560 778 597 post
794 557 1070 596 subdeleyationcm
1086 567 1186 597 supra
1210 568 1258 587 ην.
1274 558 1345 594 695),
1369 561 1441 588 aute
1457 560 1704 591 constitutionem
1719 572 1870 600 procura-

216 611 318 639 torum
333 609 404 647 fisci
419 609 508 647 ‘infra
532 619 581 640 ην.
600 612 660 640 701
683 610 834 648 scriptam
858 620 922 640 esse
944 620 983 640 esc
1000 620 1033 650 J).
1052 610 1113 640 709
1137 609 1155 639 l.
1173 611 1215 639 41)
1239 612 1267 640 et
1283 620 1318 648 J).
1337 611 1399 639 710
1422 609 1440 640 l.
1458 612 1550 649 30‘sq,
1575 615 1714 651 apparet.

325 695 405 725 (lum
418 696 637 726 serenissimus
650 696 797 736 princeps
811 695 959 726 dominus
972 698 1081 726 noster
1094 695 1232 726 Karolus
1247 694 1308 725 Dei
1322 696 1426 736 gratia
1437 695 1655 727 Romanorum
1672 708 1728 728 rex
1746 709 1872 739 semper

216 749 369 786 augustus
389 750 420 777 et
437 747 569 777 Boemie
590 757 647 777 rex
670 747 769 787 vobis,
794 747 892 778 nobili
916 757 953 778 ae
970 748 1093 787 potenti
1117 747 1183 778 viro
1204 747 1333 777 domino
1352 747 1548 778 Waleranno
1573 748 1611 778 de
1629 748 1873 792 Lutzillimburg

216 797 343 828 domino
369 798 409 829 de
432 799 514 839 Liny
539 809 574 828 ac
600 798 727 829 domino
752 799 889 829 Iohanni
913 803 987 829 nato
1013 802 1117 829 vestro
1142 798 1316 829 castellano
1342 798 1507 834 Insulensi.v
1532 801 1774 840 consanguineis
1798 802 1871 841 suis,

216 853 247 879 et
271 849 400 879 cuilibet
416 853 556 880 vestrum
573 851 602 880 in
621 849 757 880 solidum
783 861 840 891 per
857 861 930 881 suas
947 853 1094 890 patentes
1112 850 1255 880 litteras1
1272 854 1304 880 et
1326 861 1365 880 ex
1383 860 1478 881 causa
1495 852 1698 891 commiserit,
1716 856 1872 893 quatenus

216 911 270 930 vos
293 901 605 932 administracionem
631 902 855 942 temporalium
873 902 1077 942 episcopatus
1094 902 1363 941 Camei·acen(sis)
1389 902 1615 933 interdicentes
1639 903 1814 934 reverendo
1838 905 1870 934 in

214 951 339 982 Christo
363 953 445 993 patri
471 953 599 983 domino
617 952 756 984 Gnidoni
781 953 842 983 Dei
868 953 971 994 gratia
995 953 1220 984 Cameracensi
1246 953 1396 994 episcopo
1422 953 1536 984 dietam
1563 954 1869 986 administrationem

214 1003 429 1034 omnimodam
455 1005 523 1035 vice
549 1009 581 1035 ct
597 1005 723 1035 nomine
750 1006 847 1045 ipsius
869 1006 953 1045 regis
971 1005 1157 1045 recipereris
1183 1009 1214 1035 et
1233 1005 1368 1035 eandem
1386 1005 1697 1036 admmistraeionem
1715 1007 1871 1046 gereretis

214 1066 269 1085 seu
293 1056 412 1095 geratis
436 1066 472 1086 ac
494 1055 624 1091 fruetus,
650 1056 792 1086 redditus
817 1060 848 1087 et
865 1060 1037 1096 proventus
1054 1057 1218 1087 universos
1241 1057 1315 1087 inde
1334 1058 1557 1097 provenientes
1582 1057 1620 1087 ad
1646 1069 1725 1098 opus
1742 1068 1869 1089 camere

213 1117 268 1137 sue
294 1107 381 1147 regie
406 1117 506 1147 usque
531 1107 571 1137 ad
596 1112 721 1148 tempus
747 1108 776 1137 in
803 1108 894 1138 dictis
918 1108 1032 1138 litteris
1058 1108 1254 1138 declaratum
1280 1109 1499 1149 perciperetis,
1529 1112 1560 1139 et
1584 1119 1678 1149 super
1701 1109 1759 1139 hiis
1783 1109 1868 1140 idem

213 1158 359 1189 <lominus
383 1161 490 1189 noster
513 1159 603 1189 vobis
627 1160 826 1200 plenarfiam)
853 1159 979 1190 dederit
1001 1163 1210 1200 potestatem,
1235 1165 1329 1200 prout
1354 1160 1382 1189 in
1409 1159 1499 1190 dietis
1523 1161 1585 1190 suis
1611 1160 1721 1190 litteris
1745 1160 1869 1200 plenius

212 1210 406 1244 declaratur.
437 1221 558 1251 vosque
583 1210 698 1241 dictam
724 1211 1039 1241 administracionem
1067 1211 1258 1241 auctoritate
1284 1211 1438 1241 dictarum
1464 1211 1641 1241 litterarum
1668 1212 1867 1252 ..episeopo

212 1261 354 1302 predicto
375 1262 602 1292 interdixeritis
627 1266 659 1292 et
683 1262 817 1293 eandem
835 1263 1074 1303 assumpseritis
1099 1266 1130 1293 et
1154 1264 1274 1304 geratis
1298 1264 1387 1293 iuxta
1411 1262 1565 1293 dictarum
1593 1263 1769 1293 litterarum
1793 1273 1868 1292 eon-

212 1314 381 1344 tinenciam
407 1319 438 1344 et
462 1317 617 1353 tenorem,
643 1321 675 1344 et
693 1314 897 1354 postmodum
925 1325 965 1344 ex
988 1318 1080 1355 parte
1098 1315 1290 1345 venerabilis
1314 1314 1443 1355 capituli
1470 1315 1710 1345 Cameracensis
1734 1314 1868 1344 ecclesie

212 1364 307 1395 fuerit
330 1366 455 1405 prefato
480 1365 608 1395 domino
634 1369 739 1396 nostro
767 1366 834 1404 regi
859 1370 1069 1396 monstratum
1101 1370 1132 1397 et
1157 1367 1337 1407 expositum
1348 1366 1370 1398 2.
1402 1366 1487 1407 quod
1512 1366 1662 1407 quamdiu
1687 1369 1778 1396 vacat
1802 1366 1869 1406 epi-

212 1420 361 1457 scopatus
376 1427 433 1447 seu
449 1417 543 1447 sedes
557 1416 801 1447 Cameracensis
819 1421 850 1447 et
868 1418 968 1448 eciam
985 1422 1155 1459 postquam
1171 1418 1276 1449 eidem
1291 1419 1427 1448 ecclesie
1446 1418 1484 1448 de
1503 1419 1653 1458 episcopo
1670 1428 1726 1447 seu
1743 1420 1869 1457 pastore

213 1468 371 1508 provisum
398 1469 502 1505 fuerit,
528 1468 628 1498 donee
652 1468 737 1499 idem
764 1470 932 1510 episcopus
956 1470 1082 1499 noviter
1106 1473 1232 1499 creatus
1256 1469 1296 1500 ab
1321 1470 1389 1510 ipso
1415 1470 1543 1500 domino
1563 1495 1567 1500 .
1588 1495 1592 1499 .
1611 1479 1687 1509 rege
1707 1469 1868 1499 Romano-

212 1530 279 1550 rum
304 1530 358 1549 seu
377 1521 579 1561 imperatore,
606 1520 658 1561 qui
684 1531 740 1560 pro
766 1524 911 1561 tempore
939 1520 1043 1559 fuerit,
1070 1521 1192 1561 regalia
1210 1523 1369 1562 receperit
1393 1525 1425 1551 et
1448 1521 1488 1551 ab
1513 1522 1581 1562 ipso
1599 1520 1869 1561 temporalitatem

212 1571 354 1602 eiusdem
381 1572 586 1611 episcopatus
610 1572 802 1602 relevaverit
830 1582 866 1602 ac
896 1572 1001 1603 eidem
1027 1572 1214 1613 homagium
1246 1573 1357 1603 fecerit
1385 1577 1417 1603 et
1446 1573 1546 1603 donec
1577 1582 1672 1613 super
1700 1583 1752 1606 eo,
1784 1570 1869 1611 quod

182 1630 191 1645 ¹·
212 1634 289 1663 erga
317 1622 437 1653 dictum
462 1622 623 1653 dominum
654 1634 763 1664 regem
799 1623 942 1654 debitum
972 1635 1061 1654 suum
1093 1635 1190 1664 super
1220 1625 1382 1665 premissis
1410 1625 1585 1665 peregerit,
1617 1623 1700 1653 (licto
1730 1622 1868 1662 capitulo

213 1674 337 1715 plenam
367 1674 462 1704 tidem
492 1674 620 1711 feeerit,
654 1675 760 1705 totalis
788 1676 886 1716 ipsius
917 1677 1120 1716 episcopatus
1152 1676 1389 1706 administratio
1419 1677 1653 1715 fructuumque.
1687 1673 1868 1704 reddituum

212 1730 243 1756 et
267 1731 477 1767 proventuum
503 1727 576 1757 inde
601 1728 856 1768 provenientium
881 1727 922 1757 ad
947 1728 1045 1768 ipsius
1070 1728 1200 1768 capituli
1225 1727 1428 1759 commodum
1455 1732 1486 1757 et
1511 1727 1678 1757 utilitatem
1704 1725 1867 1766 perceptio

211 1779 386 1819 pertineret
409 1782 441 1808 et
464 1778 503 1808 ab
529 1778 603 1808 olim
628 1779 820 1819 pertinuerit
845 1784 876 1809 et
894 1780 1056 1819 pertinere
1083 1779 1179 1810 debet
1204 1780 1293 1810 iustis
1314 1784 1345 1810 et
1361 1780 1511 1820 legitimis
1537 1779 1575 1808 de
1593 1777 1694 1808 causis
1712 1783 1743 1807 et
1760 1777 1866 1815 titulis,

211 1833 242 1860 et
267 1830 408 1870 prefatus
432 1829 577 1860 dominus
602 1831 771 1871 episcopus
795 1830 834 1861 al)
859 1832 926 1871 ipso
953 1831 1081 1861 domino
1107 1834 1214 1861 nostro
1238 1842 1313 1871 rege
1332 1831 1470 1861 nundum
1489 1831 1610 1870 regalia
1634 1839 1689 1859 seu
1707 1832 1866 1868 tempora-

210 1882 333 1912 litatem
358 1892 448 1912 suam
473 1882 664 1912 relevaverit
689 1893 792 1923 neque
818 1882 922 1913 eidem
951 1883 1063 1913 fecerit
1088 1883 1229 1913 debitum
1257 1883 1452 1923 homagium,
1479 1883 1574 1912 immo
1600 1881 1694 1911 fuerit
1719 1884 1750 1910 et
1774 1881 1814 1909 sit
1837 1880 1866 1909 in

210 1933 407 1974 negligentia
432 1937 462 1963 et
480 1933 607 1964 defectu
627 1933 745 1964 dietum
764 1933 947 1973 homagium
968 1933 1115 1970 faciendi,
1141 1935 1220 1964 sicut
1246 1935 1274 1964 in
1300 1934 1391 1964 dictis
1412 1934 1524 1963 litteris
1542 1933 1637 1972 regiis
1647 1932 1657 1949 ²³
1675 1931 1865 1969 declaratur,

211 1989 341 2026 propter
370 1984 455 2025 quod
485 1985 605 2015 dietum
636 1985 809 2025 capitulum
841 1985 961 2016 habere
995 1985 1091 2016 debet
1119 1985 1434 2016 administracionem
1464 1984 1638 2025 predictam
1674 1994 1709 2013 ac
1738 1984 1865 2021 fructus,

210 2036 353 2067 redditus
382 2040 414 2067 et
443 2041 615 2078 proventus
643 2036 715 2067 inde
740 2037 965 2077 provenientes
994 2037 1024 2066 in
1054 2047 1142 2067 suam
1174 2038 1345 2067 utilitatem
1371 2046 1578 2066 conversuros
1606 2035 1748 2074 recipere
1777 2033 1866 2063 iustis

211 2087 250 2118 de
274 2089 376 2118 causis
401 2092 432 2118 et
457 2088 555 2118 titulis
578 2088 761 2121 antedictis,
793 2088 1001 2129 prefatusque
1027 2088 1173 2118 dominns
1197 2092 1305 2119 noster
1329 2099 1385 2118 rex
1410 2087 1449 2118 ad
1474 2086 1764 2127 supplierationem)
1791 2084 1866 2114 dicti

210 2140 339 2180 capituli
368 2140 458 2170 vobis
490 2144 522 2170 et
550 2140 634 2170 dieto
663 2140 792 2170 domino
818 2139 992 2170 castellano
1023 2150 1080 2181 per
1108 2141 1187 2170 alias
1217 2151 1290 2171 suas
1319 2139 1396 2170 certi
1426 2139 1543 2169 tenoris
1571 2136 1713 2166 litteras⁴
1739 2135 1867 2165 duxerit

209 2191 483 2222 committendum.
509 2196 676 2232 quatenus.
701 2193 726 2221 si
753 2195 800 2221 est
824 2192 878 2226 ita,
903 2191 1021 2222 dictum
1040 2192 1214 2232 capitulum
1241 2191 1281 2222 ad
1306 2192 1353 2221 ius
1378 2200 1467 2220 suum
1493 2190 1573 2219 circa
1597 2187 1712 2217 dictam
1731 2186 1865 2217 admini-

209 2243 395 2273 strationem
419 2253 542 2274 necnon
567 2243 717 2284 quiequid
734 2243 901 2284 recepistis
927 2254 967 2274 ex
993 2254 1031 2274 ea
1055 2243 1115 2274 sibi
1138 2243 1232 2283 plene
1259 2248 1290 2273 et
1308 2242 1408 2272 libere
1426 2241 1627 2271 restituentes
1651 2239 1753 2278 ipsum
1778 2237 1865 2278 capi-

209 2294 309 2324 tulum
334 2295 401 2325 iure
425 2306 481 2325 suo
506 2295 650 2335 predicto
674 2295 866 2325 auctoritate
891 2295 981 2335 regia
1006 2296 1089 2325 circa
1113 2295 1269 2335 premissa
1293 2293 1434 2335 gaudere
1463 2291 1594 2332 pacifice
1620 2289 1756 2328 faciatis,
1785 2289 1865 2318 sicut

209 2347 240 2376 in
268 2346 343 2387 ipsis
367 2346 514 2376 secundis
538 2346 651 2377 litteris
675 2347 771 2387 regiis
796 2346 920 2387 plenius
944 2347 1140 2384 continetur,
1172 2351 1203 2376 et
1227 2346 1369 2386 prefatus
1394 2344 1539 2374 dominus
1564 2341 1754 2372 castellanus
1782 2340 1865 2370 cirea

210 2398 365 2437 premissa
389 2397 544 2428 conmode
570 2408 683 2429 vacare
708 2408 768 2428 non
793 2398 903 2428 valens
928 2398 1017 2428 vobis
1041 2399 1071 2428 in
1096 2398 1155 2428 hae
1180 2401 1272 2438 parte
1298 2407 1355 2437 per
1378 2406 1449 2426 suas
1468 2396 1614 2434 patentes
1631 2392 1773 2422 litteras5
1789 2390 1863 2421 sub-

210 2448 409 2490 delegaverit
426 2449 511 2481 vices
528 2460 610 2488 suas,
686 2449 844 2490 supplicat
860 2449 949 2479 vobis
966 2450 1119 2490 magister
1137 2449 1298 2479 Iohannes
1316 2448 1354 2478 de.
1374 2445 1524 2477 Gravelia
1542 2444 1710 2474 eanonicus
1728 2442 1861 2473 ecclesie

210 2499 480 2541 Cameracenffls)
502 2505 689 2541 procurator
714 2505 745 2531 et
762 2501 984 2542 procuratorio
1001 2502 1129 2531 nomine
1149 2501 1223 2531 dicti
1242 2499 1371 2540 capituli
1389 2497 1707 2536 dominacionemque
1725 2497 1863 2524 vestram

210 2551 372 2582 humiliter
395 2555 426 2582 et
446 2557 630 2583 reverenter
646 2553 788 2593 requirit,
814 2556 972 2593 quatenus
993 2552 1172 2593 predictum
1191 2551 1364 2592 capitulum
1390 2549 1429 2579 ad
1454 2549 1500 2578 ius
1525 2557 1614 2577 suum
1640 2547 1722 2575 eirca
1747 2545 1863 2575 dictam

210 2602 523 2633 administracionem
547 2614 583 2633 ac
600 2603 769 2639 fruetuum,
794 2603 977 2633 reddituum
996 2608 1027 2634 et
1044 2607 1256 2644 proventuum
1275 2602 1490 2642 predictorum
1510 2597 1753 2639 percepcionem
1772 2596 1862 2626 resti-

315 2707 338 2737 1)
358 2706 450 2738 Supra
470 2713 510 2731 nr.
525 2708 581 2731 6170.
688 2705 714 2733 2)
736 2704 776 2736 Cf.
794 2712 878 2738 supra
893 2714 921 2738 p.
935 2708 986 2731 698
1006 2705 1020 2730 l.
1037 2709 1131 2737 1351111.
1231 2704 1257 2736 δ’)
1278 2703 1366 2735 SI‘PW
1386 2710 1427 2726 Μ’·
1443 2704 1500 2726 ⁶90·
1601 2700 1623 2723 μ
1644 2698 1733 2730 Supra
1753 2706 1792 2722 Μ’·
1808 2702 1862 2722 ⁶⁹1*

209 2747 235 2778 5)
255 2747 344 2780 Sapra
364 2756 404 2774 nr.
418 2751 475 2773 6519.
