2189 2984
218 1258 275 1276 1343.

210 1282 256 1302 Iun.
270 1284 287 1302 8.

303 154 363 182 302
771 151 867 176 ACTA
887 151 998 176 REGNI
1020 150 1155 177 KAROLI
1176 150 1221 176 IV.
1260 151 1334 177 1347.
1371 150 1418 176 Nr.
1432 150 1490 176 244.

303 240 393 277 patet
416 247 473 277 per
490 237 653 276 publioasu
678 240 728 267 eta
752 238 945 278 apostolicas
969 237 1072 267 bullas
1097 237 1196 277 eius1,
1221 247 1260 267 ne
1277 236 1444 267 videamur
1468 236 1507 267 dc
1525 237 1633 277 gracia
1657 241 1689 268 et
1712 238 1795 268 dono
1814 238 1949 278 Spiritus

303 288 403 317 saneti
426 288 542 327 ingrati
567 287 809 328 quomodolibet
832 289 881 319 vel
906 289 1006 328 avari,
1037 291 1101 318 tam
1126 288 1271 318 Romano
1300 287 1418 328 populo
1447 298 1543 328 quam
1572 288 1699 329 populis
1727 299 1816 320 sacre
1841 290 1948 320 Ytalie

303 338 506 378 supradictis,
538 342 569 368 et
596 349 636 370 ne
660 349 718 379 per
741 339 975 380 negligenciam
1004 340 1072 370 iura
1100 342 1132 369 et
1161 339 1400 369 iurisdicciones
1423 339 1561 370 Romani
1588 339 1698 380 populi
1726 340 1950 380 permittamus

303 390 439 430 amplius
464 389 620 430 deperire,
645 391 835 421 auctoritate
861 394 893 421 et
915 391 1024 431 gracia
1040 390 1102 421 Dei
1128 393 1160 421 et
1176 391 1312 431 Spiritus
1336 391 1436 421 sancti
1460 400 1497 421 ac
1521 391 1602 421 sacri
1624 391 1762 422 Romani
1786 391 1896 432 populi
1919 394 1951 422 et

304 441 388 470 omni
412 440 518 480 modo,
543 441 610 471 iure
634 443 666 472 ct
690 441 802 480 forma,
827 441 940 481 quibus
956 441 1071 472 melius
1088 452 1254 483 possumus
1276 445 1307 472 et
1325 441 1489 477 debemus,
1514 441 1725 481 decernimus,
1750 442 1951 473 declaramus

304 495 335 521 ct
364 492 628 532 pronunceiamus
656 493 758 533 ipsam
788 495 930 523 sanctam
954 492 1133 523 Romanam
1163 493 1274 523 urbem
1304 492 1407 533 capud
1437 492 1522 523 orbis
1551 496 1583 524 et
1605 493 1849 524 fundamentum
1875 493 1951 523 fidei

304 542 474 573 christiane
498 553 535 573 ac
560 554 670 573 omnes
702 547 733 574 et
764 543 903 584 singulas
928 543 1072 574 civitates
1096 544 1203 574 Ytalie
1234 543 1351 574 liberas
1380 554 1464 581 esse,
1496 547 1529 574 et
1561 543 1691 574 easdem
1720 544 1761 574 ad
1790 544 1950 574 cautelam

302 594 427 633 integre
451 593 592 624 libertati
617 594 763 624 dedimus
788 598 819 624 et
835 594 1003 628 donamus,
1029 605 1065 625 ac
1090 605 1200 625 omnes
1225 598 1257 625 et
1280 595 1421 635 singulos
1444 595 1580 635 populos
1605 596 1706 625 tocius
1730 606 1818 626 sacre
1843 595 1951 626 Ytalie

303 644 420 674 liberos
438 655 507 675 esse
526 656 699 676 censemus.
746 645 787 676 Et
804 655 845 675 ex
862 656 943 675 nunc
961 655 1071 676 omnes
1087 646 1230 686 prefatos
1248 646 1384 686 populos
1401 648 1434 676 et
1458 647 1543 676 cives
1560 647 1724 677 civitatum
1741 647 1847 677 Ytalie
1872 646 1950 677 faei-

303 705 382 731 mus,
408 694 608 726 declaramus
636 698 668 726 ct
692 697 956 737 pronuncciamus
980 697 1064 727 cives
1088 707 1157 727 esse
1182 697 1345 727 Romanos
1369 708 1405 727 ac
1427 697 1573 728 Romane
1597 697 1753 728 libertatis
1783 697 1949 738 privilegio

303 746 342 775 (1(ι
368 749 475 776 cetero
499 746 644 776 volumus
668 757 722 777 eos
746 747 898 787 gaudere.

415 798 493 827 [tem
518 797 632 827 eadem
657 799 847 829 auctoritate
872 802 904 829 et
927 799 1035 839 gracia
1059 799 1120 829 Dei
1145 802 1177 829 et
1201 798 1337 839 Spiritus
1362 799 1462 829 sancti
1486 809 1522 830 ac
1546 799 1682 830 Romani
1707 800 1816 840 populi
1840 810 1950 841 supra-

304 848 379 878 dicti
396 848 539 885 dicimus,
564 849 751 879 eonfitemur
774 859 811 879 ac
836 850 937 880 eciam
955 850 1155 880 declaramus
1171 850 1308 881 Romani
1325 851 1449 891 imperii
1467 851 1673 889 eleccionem,
1697 851 1951 882 iurisdiccionem

304 902 335 929 et
358 899 575 930 monarchiam
600 901 702 930 tocius
725 901 807 931 sacri
830 902 955 941 imperii
979 901 1020 931 ad
1045 903 1146 941 ipsam
1170 901 1288 932 almam
1313 901 1435 932 Urbem
1460 905 1491 933 et
1516 903 1583 932 eius
1613 902 1766 942 populum
1800 912 1858 932 nec
1889 913 1952 933 non

303 950 342 980 ad
368 950 548 981 universam
579 961 702 981 sacram
728 952 869 982 Ytaliam
897 953 1057 992 pertinere
1089 955 1121 982 et
1149 952 1189 982 ad
1213 952 1344 983 easdem
1369 963 1438 983 esse
1463 953 1606 994 legitime
1631 953 1815 983 devolutam
1844 953 1952 984 multis

300 1002 481 1032 racionibus
507 1006 538 1032 et
563 1003 675 1041 causis,
700 1013 778 1043 quas
802 1003 956 1033 faciemus
980 1014 1036 1033 suo
1061 1004 1131 1034 loco
1157 1008 1188 1034 et
1212 1007 1357 1045 tempore
1375 1004 1541 1044 declarari,
1566 1004 1679 1035 dantes
1704 1008 1735 1035 et
1759 1004 1953 1044 prefigentes

300 1053 331 1082 in
355 1053 414 1082 hiis
439 1054 566 1093 seriptis
590 1054 735 1084 omnibus
760 1058 791 1084 et
815 1054 945 1094 singulis
969 1055 1110 1095 prelatis,
1128 1055 1373 1095 imperatoribus
1397 1056 1507 1086 electis
1532 1059 1563 1086 et
1587 1056 1788 1094 electoribus,
1814 1056 1952 1096 regibus,

301 1104 444 1141 ducibus,
462 1104 666 1144 principibus,
683 1104 861 1143 comitibus,
879 1106 1124 1144 marchionibus,
1146 1106 1282 1146 populis,
1299 1106 1559 1137 universitatibus
1577 1110 1609 1136 et
1625 1106 1865 1147 quibuscunque
1883 1107 1952 1137 aliis

302 1155 333 1184 in
356 1156 462 1194 speeie
487 1158 518 1185 et
545 1157 714 1193 communi,
740 1156 954 1196 culuscunque
980 1157 1226 1196 preeminencie,
1252 1160 1351 1188 status
1376 1160 1408 1188 et
1431 1157 1625 1188 condicionis
1650 1159 1797 1197 existant,
1827 1162 1951 1188 eontra-

302 1205 408 1235 dioere
434 1206 614 1236 volentibus
638 1217 693 1236 seu
718 1206 748 1235 in
773 1206 936 1237 eleccione
961 1207 1087 1247 prefata
1111 1211 1143 1238 et
1167 1209 1197 1238 in
1222 1209 1290 1248 ipso
1315 1209 1450 1248 imperio
1468 1210 1692 1240 auctoritatem
1710 1212 1741 1238 et
1758 1212 1951 1248 potestatem

304 1256 566 1296 pretendentibus
584 1267 710 1297 quoquo
728 1257 822 1288 modo
841 1259 1010 1288 terminum
1027 1259 1099 1289 hinc
1123 1259 1163 1290 ad
1188 1259 1303 1290 festum
1327 1259 1445 1300 pasche
1462 1261 1672 1290 Pentecostes
1697 1260 1841 1299 proxime
1865 1260 1951 1290 futu—

302 1318 380 1347 rum,
406 1307 491 1348 quod
516 1308 598 1338 infra
622 1308 741 1338 dictum
758 1310 928 1339 terminum
952 1310 983 1339 in
1008 1311 1076 1350 ipsa
1100 1310 1185 1340 alma
1202 1310 1290 1341 Urbe
1308 1314 1340 1341 et
1356 1314 1558 1341 sacrosancta
1582 1311 1792 1341 Lateranensi
1816 1310 1952 1341 ecclesia

303 1368 410 1388 coram
443 1359 535 1388 nobis
566 1362 597 1389 et
625 1350 695 1389 aliis
729 1360 918 1390 officialibus
952 1361 1072 1391 ‹lomini
1100 1362 1198 1392 nostri
1231 1372 1315 1402 pape
1346 1366 1378 1392 et
1400 1361 1539 1392 Romani
1569 1362 1680 1403 populi
1713 1361 1853 1392 debeant
1881 1373 1952 1393 cum

303 1420 412 1439 corum
437 1410 556 1440 iuribus
580 1420 784 1450 comparere;
810 1411 949 1452 alioquin
974 1423 993 1442 a
1017 1412 1101 1443 dicto
1127 1414 1262 1443 termino
1286 1413 1317 1443 in
1335 1416 1430 1443 antea
1447 1413 1660 1453 procedemus
1676 1413 1849 1444 secundum
1867 1413 1952 1454 quod

303 1460 341 1490 dc
366 1462 433 1490 iure
458 1461 554 1491 fuerit
583 1465 614 1491 et
639 1461 774 1502 Spiritus
799 1464 898 1493 saneti
922 1465 1030 1503 gracia
1055 1464 1255 1494 ministrabit.
1302 1464 1344 1494 Et
1366 1464 1589 1495 nichilominus
1613 1464 1653 1494 ad
1677 1464 1822 1505 predicta
1847 1465 1953 1495 omnia

303 1512 391 1541 citari
416 1513 446 1541 in
464 1513 570 1552 speeie
586 1513 720 1543 facimus
744 1513 882 1543 illustres
906 1515 1065 1555 principes
1089 1516 1322 1556 infrascriptos:
1349 1515 1511 1546 dominum
1534 1515 1734 1546 Ludovieum
1759 1515 1872 1546 ducem
1889 1515 1952 1546 Ba-

1971 706 1996 724 10

1972 961 1996 979 15

1971 1217 1997 1236 20

1972 1472 1996 1492 25

302 1563 388 1593 varic
398 1563 420 1600 2,
446 1562 609 1593 dominum
635 1563 784 1594 Carolum
809 1575 917 1605 regem
942 1565 1109 1597 Bohemie.
1136 1567 1189 1607 qui
1213 1577 1246 1597 se
1272 1570 1417 1597 asserunt
1433 1566 1652 1597 Romanorum
1674 1567 1886 1607 imperatores
1902 1567 1953 1597 vel
1984 1603 1989 1607 ¹

302 1613 343 1643 ad
368 1614 536 1653 imperium
561 1616 624 1645 iam
651 1615 781 1653 electos,
807 1616 969 1647 dominum
994 1617 1109 1648 ducem
1125 1618 1273 1657 Bavarie,
1302 1618 1464 1648 dominum
1483 1618 1598 1648 ducem
1616 1618 1765 1658 Saxonie,
1790 1618 1953 1648 dominum

302 1664 519 1695 marchionem
545 1666 825 1707 Brandenburgie,
858 1667 1020 1698 dominum
1045 1669 1319 1709 archiepiscopum
1344 1669 1633 1710 Moguntin(um)¹’,
1662 1670 1826 1700 dominum
1850 1669 1952 1700 archi-

303 1717 489 1756 episcopum
514 1717 757 1757 Treverenscm,
783 1718 945 1749 dominum
970 1720 1247 1761 arehiepiscopum
1266 1720 1501 1759 Coloniensem,
1526 1720 1612 1761 quod
1635 1721 1666 1750 in
1691 1720 1783 1751 dictis
1807 1720 1895 1751 Urbe
1921 1723 1953 1750 et

303 1767 372 1796 loeo
397 1767 478 1797 infra
503 1769 672 1798 terminum
698 1769 915 1809 supradictum
940 1781 1047 1801 coram
1071 1772 1163 1814 nobis
1187 1775 1219 1802 et
1243 1772 1312 1802 aliis
1334 1771 1523 1802 officialibus
1548 1771 1666 1802 domini
1690 1772 1789 1802 nostri
1813 1782 1895 1812 pape
1921 1774 1954 1801 et

302 1817 440 1848 Romani
458 1819 567 1859 populi
585 1819 726 1850 debeant
742 1821 954 1861 personaliter
973 1833 1175 1863 comparere:
1201 1823 1352 1864 alioquin,
1377 1826 1412 1854 ut
1429 1823 1612 1864 predicitur,
1636 1823 1829 1864 procedetur
1846 1832 1953 1853 coram

302 1869 402 1908 nobis,
429 1880 538 1900 eorum
563 1871 713 1902 absencia
738 1875 770 1902 et
794 1874 994 1904 contumacia
1018 1885 1079 1904 non
1105 1875 1261 1906 obstante.

410 1921 447 1951 In
470 1922 622 1962 predictis
646 1926 753 1953 autem
779 1924 925 1954 omnibus
949 1929 980 1955 ct
1004 1926 1136 1966 singulis
1159 1927 1273 1956 nostris
1297 1926 1420 1957 actibus
1444 1929 1476 1956 et
1501 1926 1704 1967 processibus
1727 1929 1760 1956 et
1783 1926 1952 1956 execucio-

303 1971 394 2001 nibus
418 1973 659 2014 quibuscunque
691 1976 872 2005 auctoritati
903 1979 936 2006 et
962 1977 1175 2007 iurisdiccioni
1204 1981 1313 2008 sancte
1344 1978 1454 2008 matris
1482 1977 1617 2008 ecclesie
1646 1981 1678 2007 et
1706 1969 1826 2007 domini
1853 1977 1952 2007 nostri
1986 1992 1995 2003 τ

305 2034 386 2063 pape
411 2034 447 2053 ac
472 2025 551 2054 sacri
575 2025 700 2066 collegii
726 2027 756 2056 in
781 2026 866 2057 nullo
893 2028 1040 2057 volumus
1071 2028 1236 2069 derogari,
1270 2029 1345 2069 quin
1369 2039 1476 2069 ymmo
1500 2029 1646 2059 volumus
1675 2028 1715 2059 ad
1744 2031 1952 2068 augmentum

304 2078 336 2104 ct
359 2075 512 2105 honorem
539 2076 715 2107 eorundem
739 2088 866 2118 semper
889 2082 980 2108 actus
1003 2082 1128 2109 nostros
1152 2079 1290 2120 dirigere
1316 2083 1358 2115 et,
1382 2084 1417 2110 ut
1440 2083 1595 2119 tenemur,
1619 2090 1677 2120 per
1702 2080 1807 2110 omnia
1823 2079 1951 2109 imitari.

410 2126 592 2157 Indiccione
609 2127 682 2167 XV,
707 2129 824 2158 mensis
842 2130 979 2170 Augusti
1004 2130 1054 2160 die
1071 2131 1174 2171 prima
1190 2131 1353 2171 publicata
1378 2131 1505 2162 fuerunt
1520 2131 1665 2172 predicta
1682 2141 1789 2161 coram
1806 2130 1951 2161 Romano

304 2178 422 2218 populo
457 2182 489 2209 ct
524 2179 702 2219 approbata
733 2190 790 2220 per
818 2181 921 2220 ipsum
950 2181 1103 2221 populum
1133 2183 1324 2213 existentem
1353 2183 1384 2212 in
1407 2182 1517 2223 platea
1541 2182 1675 2213 ecclesie
1699 2183 1952 2221 Lateranensisc,

304 2234 452 2269 presente
478 2230 605 2261 domino
630 2231 748 2262 vicario
774 2232 893 2262 domini
916 2243 1011 2272 pape,
1037 2233 1165 2266 domino
1188 2234 1290 2264 Paulo
1315 2233 1367 2264 del
1384 2234 1495 2270 Conte,
1521 2234 1648 2264 domino
1667 2232 1827 2263 Gottfrido
1846 2232 1952 2271 Scoto,

305 2280 401 2311 fratre
426 2281 544 2311 Iacobo
569 2286 759 2322 preceptore
784 2283 890 2313 Sancti
921 2284 1066 2324 spiritus,
1099 2284 1197 2315 fratre
1220 2285 1359 2325 Ugolino
1389 2285 1507 2316 ordinis
1531 2285 1790 2321 Predicatorum,
1824 2284 1952 2314 domino

305 2331 474 2362 Francisco
505 2332 544 2362 de
569 2333 728 2363 NVelletro
757 2334 876 2373 iudice,
909 2334 1037 2365 domino
1062 2335 1203 2375 Agnello
1234 2336 1273 2366 de
1298 2336 1418 2366 Tibure
1443 2336 1563 2375 iudice,
1590 2336 1718 2366 domino
1742 2335 1887 2365 Mattheo
1913 2335 1952 2365 de

306 2382 409 2412 Reate
435 2383 548 2421 iudice,
573 2384 671 2414 Petro
696 2384 815 2415 Donati
840 2384 1005 2416 Grannelli
1031 2389 1062 2416 et
1086 2386 1188 2417 Paulo
1213 2387 1334 2417 domini
1358 2386 1475 2426 Angeli
1500 2386 1540 2416 de
1564 2385 1679 2416 Fustis.

409 2487 473 2514 ⁸244.
502 2494 524 2519 a)
552 2490 586 2513 sic
612 2490 645 2517 V:
669 2491 736 2515 deest
759 2492 818 2516 aliis
836 2492 967 2523 plerisque
989 2493 1063 2516 codd.
1163 2492 1187 2523 b)
1215 2493 1438 2525 Moguntiuensem
1460 2493 1499 2517 ecl.
1596 2492 1618 2524 c)
1645 2493 1680 2517 sic
1704 2492 1738 2521 VJ
1765 2493 1819 2517 loco
1848 2493 1953 2517 ecclesie

309 2533 490 2556 Later-axiensis
510 2532 556 2555 alii
573 2533 686 2563 plerique
706 2533 779 2557 codd.
799 2535 974 2559 Lateranensi.

411 2612 437 2643 1)
456 2611 507 2636 Dia
526 2615 563 2636 27,
577 2620 609 2636 m.
626 2611 703 2636 [miii
722 2611 807 2644 datas,
829 2621 895 2645 quas
914 2613 1053 2639 ediderant
1072 2613 1201 2639 Bwrclach
1219 2617 1242 2639 et
1261 2614 1330 2639 Pafm·
1349 2615 1364 2640 l.
1378 2622 1398 2640 c.
1418 2623 1460 2641 nr.
1472 2619 1502 2640 12
1520 2618 1541 2640 et
1561 2618 1596 2640 13.
1684 2615 1709 2644 2)
1728 2614 1773 2640 Ad
1790 2614 1852 2640 haec
1870 2616 1905 2645 cf.
1926 2614 1954 2639 id

307 2653 377 2685 quod
397 2653 526 2678 Nicolaus
546 2653 589 2678 die
612 2659 647 2680 11.
661 2663 693 2679 m.
708 2655 828 2680 Octobris
848 2664 936 2687 papae
955 2656 1075 2687 scripsit.-
1110 2655 1146 2682 Et
1170 2656 1193 2682 si
1218 2656 1246 2682 in
1268 2657 1417 2683 vocacione
1445 2657 1507 2690 ipsa
1533 2657 1655 2683 Bavarus
1681 2657 1734 2683 fuit
1757 2657 1811 2682 dux
1834 2656 1953 2682 Bavarie

307 2696 477 2729 appellatus,
496 2704 549 2721 non
571 2697 706 2729 processit
724 2705 756 2723 ex
776 2697 826 2723 zeli
846 2697 966 2728 malicia,
987 2706 1048 2723 cum
1068 2698 1159 2731 ipsum
1177 2699 1295 2725 babeam
1315 2701 1343 2725 et
1356 2700 1465 2725 habebo
1479 2700 1609 2726 continue
1628 2708 1678 2733 pro
1698 2708 1729 2726 eo
1749 2707 1798 2732 pro
1817 2707 1872 2731 quo
1891 2707 1953 2725 eum

309 2741 406 2764 sancta
426 2740 514 2765 mater
533 2739 651 2765 eeclesia
670 2741 698 2765 et
717 2740 853 2767 sanctitas
872 2742 964 2767 vestra
983 2740 1077 2767 habet.
1116 2741 1245 2767 Burdach
1263 2744 1286 2767 et
1306 2742 1376 2767 Piur
1395 2742 1410 2767 l.
1427 2750 1447 2767 c.
1463 2750 1491 2774 p.
1508 2746 1558 2768 165.

1972 1732 1997 1751 30

1971 2243 1998 2261 40

1971 2541 1996 2559 45
