2189 2984
319 146 380 175 330
749 140 842 166 ACTA
865 138 976 164 neem
998 138 1131 164 manem
1152 138 1197 163 iv.
1234 137 1309 162 1:347.
1346 136 1394 162 ΝΥ.
1408 135 1466 161 281.
1485 136 1543 163 282.

321 229 360 259 de
386 228 501 259 talibus
521 228 621 267 captis
646 230 737 257 extra
761 226 920 256 civitatem
946 225 1082 265 primum
1101 220 1250 254 iudicium
1274 223 1343 253 ficri
1368 226 1479 262 petant
1502 234 1559 265 per
1583 235 1666 264 euni,
1691 227 1722 257 in
1746 228 1834 258 cuius
1850 227 1966 258 iudicio

320 280 404 320 capti
430 282 510 311 sunt.
539 277 713 308 secundum
738 276 999 307 consuetudinem
1025 279 1097 306 ante
1123 275 1359 305 concessionem
1384 275 1456 305 talis
1480 277 1582 316 gratie
1600 278 1811 309 observatam.
1859 279 1919 314 Qui
1944 279 1969 308 si

322 332 350 360 in
377 330 578 361 exhibicione
603 330 725 359 iusticie
750 329 849 369 petite
874 338 929 359 seu
954 327 1070 357 iudicio
1096 326 1242 356 faciendo
1267 327 1431 367 negligens
1455 331 1510 357 aut
1533 329 1683 360 remissus
1714 330 1823 369 fuerit,
1853 333 1969 360 extunc

322 382 413 412 dictis
447 381 567 411 civibus
599 380 707 411 licebit
740 380 770 409 in
805 380 932 410 civitate
965 379 1030 409 sine
1060 379 1135 408 iuris
1168 377 1263 408 alieni
1295 378 1470 418 preiudicio
1500 379 1538 409 de
1567 380 1682 411 talibus
1710 380 1970 412 malefactoribus

323 434 409 463 iuxta
443 433 578 462 civitatis
610 432 759 462 iudicium
793 431 943 461 iudicare.
1001 430 1050 460 De
1084 429 1143 459 hiis
1175 432 1298 468 autem⁷
1332 429 1384 469 qui
1424 430 1455 460 in
1493 431 1621 461 civitate
1659 432 1807 473 deprensi
1843 432 1969 470 fuerint,

322 484 582 514 malefactoribus
622 483 753 513 iudicari
795 482 940 512 volumus
979 480 1153 510 secundum
1193 481 1329 510 civitatis
1366 480 1517 511 iudicium
1559 482 1714 513 hactenus
1757 483 1969 514 observatum.

322 535 531 565 Addicicntes
555 545 590 565 ac
615 535 768 569 volentes,
794 532 877 573 qnod
903 532 1071 562 memorati
1096 531 1180 561 cives
1204 530 1456 571 Ratisponenses
1480 533 1543 562 suis
1567 534 1701 564 inimicis
1726 537 1758 564 et
1781 534 1971 564 adversariis

322 587 471 617 resistere
506 587 632 617 valeant
668 590 699 615 et
735 589 844 614 centra
878 584 963 623 ipsos
992 583 1181 613 auctoritate
1220 583 1321 623 regali
1353 583 1530 615 efficaciter
1558 595 1591 615 se
1621 585 1796 616 defendere
1825 596 1861 616 ac
1889 586 1971 616 tueri

323 650 379 679 per
402 642 507 669 nostre
533 637 727 668 defensionis
757 639 789 665 et
817 635 927 665 auxilii
952 634 1127 675 presidium
1152 644 1187 664 ac
1217 634 1364 664 iuvamen
1396 638 1427 664 et
1452 638 1485 665 ut
1508 637 1594 676 pacis
1618 636 1785 667 commodo
1811 636 1973 677 gaudeant

323 691 472 731 pleniori,
504 689 697 725 addicimus,
727 687 811 727 1111011
837 686 989 727 predictis
1013 685 1133 715 civibus
1158 688 1266 715 contra
1290 695 1523 726 quoscumque,
1554 687 1605 727 qui
1628 687 1786 727 predones
1811 691 1843 718 et
1863 687 1972 718 turba-

322 749 408 772 tores
436 742 575 781 ipsorum
606 740 647 770 ad
675 742 778 769 eastra
806 748 862 768 sua
890 748 947 767 seu
977 737 1174 767 municiones
1205 738 1441 777 receptaverint
1471 741 1502 768 et
1531 738 1570 768 de
1598 738 1658 769 1100
1687 740 1821 770 convicti
1846 739 1972 778 fuerint,

325 796 417 833 prout
434 793 529 822 fuerit
545 799 747 832 oportunum,
770 790 794 819 si
817 800 866 819 res
884 789 960 830 ipsis
977 788 1097 818 civibus
1114 788 1238 819 ablatas
1255 788 1391 819 reddere
1410 790 1623 829 neglexerint*
1641 793 1811 831 postquam
1829 791 1974 831 requisiti

325 844 441 874 fuerint
464 853 559 883 super
583 853 632 879 00,
657 842 740 872 idem
766 842 812 871 ius
834 843 1017 880 competere
1044 840 1160 871 debeat
1185 844 1217 870 et
1241 841 1338 879 accio,
1363 851 1424 881 que
1448 841 1524 882 ipsis
1547 841 1667 872 civibus
1691 842 1730 873 de
1755 843 1822 873 iure
1844 852 1972 882 compe-

325 898 392 925 tere
422 895 596 924 (linoscitur
626 896 735 923 contra
766 892 947 922 turbatores
977 891 1158 922 lmiusmodi
1189 901 1245 922 seu
1274 891 1441 932 predones,
1498 892 1533 922 In
1565 893 1652 923 cuius
1681 894 1725 924 rei
1757 893 1973 924 testimonium

326 949 491 987 presentes
515 945 670 975 conscribi
696 947 727 975 et
751 947 858 974 nostre
883 943 1058 973 maiestatis
1082 943 1185 983 sigillo
1210 943 1356 973 iussimus
1382 944 1579 974 communiri.

433 1006 552 1036 Datum
587 1004 765 1044 Ratispone
795 1014 852 1044 per
880 1014 991 1033 manus
1025 1003 1221 1033 honorabilis
1256 1003 1403 1033 Wolislai
1433 1003 1605 1044 Pragensis
1639 1007 1671 1034 et
1699 1003 1975 1044 WVissegradensis

326 1057 532 1087 ecclesiarum
555 1056 707 1092 0111100101,
732 1059 838 1085 nostre
863 1054 979 1094 regalis
1004 1054 1075 1084 aule
1100 1054 1343 1094 prothonotarii,
1369 1055 1436 1085 vice
1460 1055 1653 1085 venerabilis
1666 1055 1793 1086 Gerlaci
1818 1055 1974 1095 archiepi-

325 1109 413 1149 scopi
437 1109 629 1148 Maguntini,
660 1107 757 1137 nostri
786 1109 818 1136 et
845 1106 925 1136 sacri
955 1106 1079 1146 imperii
1104 1116 1162 1146 per
1185 1105 1391 1135 Germaniam
1421 1106 1708 1143 archicancellarii,
1737 1117 1819 1136 anno
1848 1106 1977 1136 Domini

326 1160 494 1191 millesimo
509 1160 733 1190 trecentesimo
751 1157 996 1198 quadragesimo
1010 1158 1157 1197 septimo,
1172 1156 1347 1187 indiccione
1364 1156 1437 1194 XV,
1450 1156 1507 1187 IX.
1522 1157 1573 1187 Kl.
1587 1157 1788 1194 Novembris,
1806 1167 1976 1197 regnorum

326 1214 505 1241 nostrorum
530 1221 612 1240 anno
638 1209 787 1240 secundo.

754 1348 837 1382 0282).
880 1347 1101 1390 I’ririleqiam
1133 1348 1299 1390 (liciatum.
1329 1366 1375 1370 —
1407 1347 1558 1382 Oct..;14.

435 1417 477 1447 In
499 1425 600 1446 verso:
625 1415 653 1445 b.

434 1476 507 1515 Ray.
535 1477 606 1514 imp.
640 1474 729 1505 VIII
749 1485 795 1504 ην.
814 1475 885 1504 380.

434 1561 572 1592 Kal-olus
596 1560 656 1590 Dei
681 1560 783 1599 gratia
808 1559 1025 1589 Romanorum
1050 1567 1106 1587 rex
1130 1568 1258 1597 semper
1282 1560 1435 1597 augustus
1462 1560 1494 1587 et
1518 1557 1650 1587 Bocmie
1679 1567 1736 1587 rex
1824 1557 1978 1587 universis

327 1614 408 1644 sacri
432 1613 569 1643 Romani
594 1612 719 1651 imperii
743 1610 890 1641 fidelibus
915 1612 1080 1650 presentes
1103 1609 1225 1639 litteras
1249 1609 1438 1649 inspecturis
1548 1609 1690 1649 graciam
1714 1619 1803 1638 suam
1829 1612 1861 1639 et
1885 1618 1978 1638 omne

327 1665 455 1695 bonum.

436 1715 539 1745 Decet
573 1715 775 1744 maiestatem
812 1713 932 1752 regiam
961 1712 1137 1741 instantivis
1172 1711 1462 1752 supplicacionibus
1491 1711 1679 1741 devotorum
1707 1711 1833 1751 imperii
1869 1721 1978 1741 aurem

329 1766 520 1797 acomodare
552 1765 731 1795 benivolam
762 1768 793 1794 et
822 1774 930 1794 0011101
961 1763 1102 1793 comodis
1135 1774 1171 1793 ac
1200 1763 1397 1803 profectibus
1427 1763 1646 1793 favorabiliter
1668 1762 1847 1803 providere.
1895 1762 1978 1793 Con—

328 1818 505 1848 siderantes
524 1818 630 1856 itaque
656 1819 687 1846 et
700 1816 874 1856 graciosius
892 1816 1050 1845 intuentes
1068 1805 1284 1855 integi-itatem
1302 1814 1385 1852 111101,
1404 1825 1466 1854 qua
1484 1815 1568 1844 cives
1585 1814 1846 1854 Ratisponenses,
1872 1813 1979 1844 dilecti

328 1869 440 1899 fideles
463 1869 576 1901 nostri.
602 1870 783 1897 emistanter
807 1866 999 1896 adlwserunt
1022 1867 1171 1906 imperio,
1207 1870 1241 1896 ut
1272 1876 1381 1896 eorum
1411 1870 1533 1896 crescat
1563 1865 1695 1896 devocio
1725 1868 1757 1895 et
1780 1868 1814 1894 ut
1838 1868 1977 1905 1101110111,

295 1915 300 1921 ’
331 1921 397 1950 vias
435 1923 465 1949 ct
501 1919 663 1948 introitum
700 1919 836 1947 civitatis
872 1917 1043 1948 0010011010
1078 1928 1114 1947 ac
1153 1918 1253 1958 ipsam
1289 1918 1451 1948 civitatem
1486 1917 1754 1957 Ratisponcnsem
1790 1917 1912 1946 munire
1948 1919 1980 1947 et

331 1970 529 2001 commodius
554 1980 741 2000 conservare
766 1969 904 2005 valeant,

438 2027 443 2055 (
458 2023 483 2061 Ι)
509 2022 548 2051 ad
567 2022 665 2051 instar
682 2021 752 2050 dive
767 2021 1001 2050 recordacionis
1014 2020 1145 2050 chrici
1159 2021 1377 2051 Romanorum
1392 2019 1603 2060 imperatoris,
1622 2019 1858 2059 predecessoris
1870 2019 1979 2058 nostri,

330 2078 365 2104 nt
389 2073 553 2113 ungeltum
577 2075 733 2112 perpetuo
759 2072 944 2102 din-aturum
974 2072 1012 2102 de
1037 2073 1191 2102 universis
1215 2071 1429 2102 mercimoniis
1453 2071 1557 2107 siccis,
1586 2072 1673 2109 vino,
1703 2080 1800 2110 1111110,
1832 2070 1979 2107 1110110110,

331 2125 426 2155 blado
451 2135 487 2154 ac
512 2124 581 2154 aliis
606 2123 795 2153 victualibus
819 2124 1044 2163 cuiuscumque
1069 2124 1210 2164 generis,
1242 2123 1307 2153 sive
1337 2123 1366 2152 111
1395 2132 1505 2162 grosso
1531 2121 1580 2152 vel
1607 2122 1728 2151 minuto
1753 2126 1807 2151 aut
1831 2131 1980 2151 mensura

331 2176 518 2209 vendantur,
544 2176 717 2208 instituere,
744 2175 907 2215 imponere
925 2185 981 2204 seu
999 2175 1161 2214 colligere,
1186 2178 1281 2214 prout
1298 2175 1433 2204 civitatis
1458 2184 1513 2203 sue
1536 2173 1681 2213 exposcit
1698 2173 1827 2207 utilitas*
1852 2172 1980 2202 valeant

332 2231 386 2257 ant
403 2227 585 2257 necessitati
601 2226 763 2256 incumbat
781 2226 924 2256 eiusdem
950 2229 991 2264 01,
1016 2236 1086 2255 011111
1110 2230 1144 2263 et
1160 2226 1287 2266 quando
1312 2225 1388 2265 ipsis
1412 2224 1567 2265 placuerit
1591 2227 1622 2254 et
1640 2224 1793 2264 expedire
1811 2223 1979 2262 videbitur,

334 2278 517 2317 dictumque
531 2278 697 2318 ungeltum
711 2287 876 2307 removere
895 2281 927 2307 et
940 2277 1050 2307 tollere
1069 2278 1113 2307 eis
1127 2282 1236 2307 tenore
1250 2277 1451 2316 presencium
1465 2275 1563 2316 regali
1579 2275 1754 2305 clemencia
1767 2274 1979 2314 indulgemus⁷

334 2331 410 2369 ipsis
427 2340 522 2369 snper
536 2329 595 2358 11110
610 2329 737 2369 plenam
752 2328 964 2359 concedentes
982 2332 1013 2358 et
1030 2328 1246 2358 omnimodam
1261 2330 1465 2368 potestatem,
1482 2326 1671 2356 mandantes
1684 2336 1720 2355 ac
1734 2326 1836 2355 eciam
1849 2325 1981 2355 firmiter

334 2381 523 2410 auctoritate
555 2384 661 2410 nostra
691 2380 780 2420 regia
804 2379 997 2414 inhibentem
1027 2390 1065 2410 ne
1095 2380 1163 2419 quis
1191 2379 1267 2419 ipsis
1296 2380 1325 2409 in
1355 2379 1556 2408 institucione
1587 2388 1643 2408 seu
1667 2377 1880 2417 percepcione
1905 2377 1979 2406 dicti

334 2432 454 2471 ungelti
471 2431 668 2460 (djstaculnm
683 2431 813 2470 aliquod
830 2435 993 2471 presumat
1008 2431 1160 2471 irrogare.
1178 2431 1257 2461 sicut
1274 2430 1531 2470 indignacionem
1546 2431 1687 2458 nostram
1700 2428 1837 2458 voluerit
1850 2429 1980 2458 evitare.

444 2484 486 2515 (2)
512 2482 552 2511 Et
571 2483 719 2522 «1110011110
739 2482 874 2512 ‹vuium‘s
891 2482 1034 2512 turbacio
1052 2482 1252 2522 tempestatis
1273 2492 1291 2512 a
1307 2481 1387 2512 sacri
1405 2481 1578 2510 devocione
1595 2479 1721 2519 imperii
1738 2479 1823 2509 1111110
1841 2489 1981 2519 unquam

336 2538 481 2573 tempore
516 2533 657 2572 prefatos
692 2534 776 2563 cives
811 2533 963 2571 seiunxit„
998 2534 1137 2574 graciam
1166 2534 1281 2573 graciis
1311 2532 1510 2562 cumulantes
1535 2531 1711 2561 addicimus
1736 2533 1767 2560 et
1790 2530 1850 2560 hoc
1876 2529 1980 2560 edicto

336 2588 492 2625 perpetuo
517 2584 666 2613 duraturo
692 2595 867 2621 censemus7
892 2589 925 2614 ut
942 2585 1046 2614 nullus
1063 2585 1213 2624 deinceps
1237 2584 1295 2614 nisi
1320 2584 1395 2614 civis
1412 2583 1547 2613 civitatis
1569 2582 1722 2622 predicte,
1748 2581 1799 2621 qui
1817 2591 1888 2610 cum
1905 2580 1981 2620 ipsis

336 2635 456 2665 civibus
489 2645 585 2664 onera.
610 2635 693 2665 dicte
723 2636 858 2665 civitatis
882 2636 1008 2675 subeat,
1042 2637 1149 2666 vinum
1174 2636 1284 2676 quovis
1315 2634 1438 2675 quesite
1467 2634 1573 2663 colore
1602 2634 1772 2673 propinare
1807 2635 1980 2672 presumat.

337 2686 367 2716 si
387 2686 455 2726 quis
473 2689 579 2715 antem
605 2685 663 2715 11110
689 2689 797 2715 contra
814 2678 953 2716 nostram
971 2690 1153 2726 presentem
1178 2686 1402 2716 inhibicionem
1427 2688 1620 2724 attemptare
1645 2684 1884 2724 presumpserit„
1909 2693 1981 2723 pre-

338 2738 410 2767 fatis
434 2737 554 2766 civibus
578 2737 636 2766 sibi
662 2738 691 2766 in
717 2737 775 2767 11110
800 2737 963 2767 inhibendi
989 2738 1115 2777 plenam
1142 2737 1254 2767 damus
1278 2740 1388 2767 tenore
1415 2737 1614 2776 presencium
1638 2737 1841 2776 potestatem.

1993 699 2016 717 10

1992 955 2016 973 15

1995 1217 2019 1235 20

1998 1617 2021 1635 ¹25

1998 1873 2023 1892 30

1999 2133 2023 2151 35

1999 2390 2024 2408 40

2000 2646 2025 2664 45
