2189 2984
613 137 706 163 ACTA
726 136 838 162 ΗΕΘΜ
857 136 991 162 KAROLI
1011 136 1057 162 lv.
1094 136 1168 162 1347.
1206 135 1253 161 ΝΥ.
1266 136 1324 162 230,
1344 137 1402 163 281.
1770 144 1830 173 335

615 267 700 301 QSO.
741 266 961 310 I'}·iz⁷ilcrsiunz
993 268 1139 301 tertium.
1169 287 1217 291 —
1247 267 1316 301 oct.
1336 269 1398 300 24.

290 334 331 365 In
354 343 455 364 verso:
479 333 499 363 f.

290 393 364 432 Rey.
389 394 460 431 imp.
493 391 580 422 VIII
600 401 649 421 nr.
666 392 738 421 379.

289 478 427 509 Karolus
451 477 511 507 Dei
536 477 639 516 gratia
663 476 881 506 Romanorum
910 485 967 506 rex
992 486 1120 516 semper
1142 480 1296 517 augustus
1321 480 1353 507 et
1376 477 1509 508 Boemie
1534 489 1591 509 rex
1678 480 1832 510 universis

149 539 161 557 5
181 530 260 561 sacri
290 529 428 560 Romani
462 528 590 568 imperii
625 527 788 567 fidelibus,
824 527 865 557 ad
897 538 975 567 quos
1004 530 1170 568 presentes
1202 529 1416 568 pervenerint,
1506 531 1641 569 gratiam
1676 541 1765 561 suam
1801 535 1833 561 et

181 591 274 612 omne
299 580 426 611 bonum.

288 632 380 662 Licet
404 641 444 661 ex
473 629 622 670 imposito
650 630 765 660 nostris
789 629 929 659 humeris
954 633 1119 660 teneamur
1144 629 1249 660 officio
1273 631 1436 661 universos
1461 631 1622 662 subiectos
1646 632 1778 672 imperio
1803 634 1833 663 in

181 685 245 714 suis
268 682 390 713 iuribus
414 681 596 720 confovere,
622 691 732 711 eorum
755 684 862 711 tamen
889 681 1081 711 emunitates
1105 684 1137 711 et
1159 682 1237 715 iura,
1263 692 1341 722 qnos
1365 682 1507 722 pluribus
1532 683 1698 714 effectibus
1721 684 1761 714 ad
1786 695 1833 721 ea,

181 746 242 776 que
266 737 407 764 nostrum
433 737 465 763 et
481 733 562 763 sacri
577 733 703 772 imperii
719 732 873 762 honorem
891 733 1098 772 conspiciunt,
1116 732 1288 763 habiliores
1305 737 1336 763 et
1352 733 1495 764 utiliores
1512 735 1626 764 ceteris
1642 736 1833 775 experimur,

141 797 164 814 ιο
182 785 346 826 amplioris
371 785 488 816 favoris
512 783 728 814 benivolentia
752 794 814 814 non
839 783 941 814 solum
965 794 1152 814 conservare
1177 783 1231 814 sed
1257 795 1376 825 augere
1394 785 1612 816 favorabiliter
1628 786 1833 817 delectamur,

182 838 271 868 Tunc
307 837 404 867 etiam
439 835 566 876 imperii
600 835 697 865 decus
727 838 758 866 et
786 835 940 865 honorem
972 845 1211 875 promovemus7
1244 846 1315 866 cum
1346 836 1414 866 eius
1443 836 1554 866 fideles
1583 836 1622 866 ad
1652 836 1834 867 devocionis

182 890 342 920 fervorem
359 888 507 928 gratiosis
524 890 556 917 et
573 886 727 917 allectivis
743 886 928 917 muneribus
945 887 1131 917 excitamus,
1179 888 1384 928 Quapropter
1402 898 1493 918 nosse
1510 888 1654 918 volumus
1671 890 1834 919 universos

184 944 249 971 tam
282 943 428 980 posteros
460 949 555 979 quam
586 941 767 978 presentes,
803 938 888 978 quod
917 949 973 968 nos
1002 938 1147 968 volentes
1176 938 1300 969 dilectis
1329 943 1361 969 et
1390 939 1539 970 fidelibus
1570 941 1683 970 nostris
1714 940 1834 970 civibus

181 990 496 1032 Ratisponen(sibus)
531 991 559 1020 in
593 990 682 1019 iustis
710 993 743 1019 et
766 989 1007 1020 rationabilibus
1035 1001 1145 1020 eorum
1171 990 1380 1030 peticionibus
1415 1001 1476 1021 non
1512 991 1639 1029 deesse,
1676 991 1833 1031 quandam

139 1054 162 1072 15
182 1044 319 1084 gratiam
338 1043 384 1072 eis
409 1053 427 1072 a
452 1041 532 1071 divis
549 1041 795 1081 imperatoribus
819 1046 851 1072 et
868 1041 996 1081 regibus
1014 1041 1241 1079 Romanorum,
1262 1042 1543 1082 predecessoribus
1564 1043 1688 1082 uostris,
1712 1053 1834 1073 necnon

180 1106 199 1126 a
230 1094 361 1125 ducibus
391 1093 520 1124 Austrie
552 1096 583 1123 et
612 1092 716 1133 Styrie
750 1092 905 1123 indultam
942 1104 978 1123 ac
1006 1094 1107 1124 eciam
1136 1094 1369 1130 confirmatam„
1399 1093 1548 1124 videlicet
1577 1093 1661 1133 quod
1689 1104 1746 1124 nec
1778 1105 1833 1134 pro

182 1147 376 1186 imperatore
403 1145 453 1176 vel
478 1155 563 1185 rege,
589 1145 739 1184 episcopo
764 1145 829 1175 sive
854 1144 935 1175 duce
959 1145 1009 1175 vel
1043 1156 1203 1185 quoquam
1236 1150 1405 1179 extraneo.
1441 1145 1497 1175 scd
1533 1149 1655 1175 tantum
1684 1156 1740 1185 pro
1771 1147 1834 1175 suis

181 1196 316 1235 civibus,
348 1197 373 1226 si
404 1195 563 1225 actoribus
592 1195 657 1225 sive
682 1195 940 1235 pignoratoribus
968 1207 1074 1226 coram
1099 1196 1204 1226 iudice
1233 1197 1368 1226 civitatis
1396 1196 1638 1237 Ratisponensis
1666 1197 1834 1237 agentibus

180 1248 333 1279 iudicium
357 1252 387 1277 et
412 1247 532 1277 iustitia
557 1246 651 1276 fuerit
676 1246 845 1287 denegata,
871 1247 1065 1287 inpignorari
1084 1248 1204 1287 possint.
1227 1252 1282 1278 aut
1300 1248 1438 1279 debeant
1461 1248 1501 1278 ad
1526 1249 1624 1278 instar
1641 1248 1711 1279 dive
1729 1259 1833 1279 recor-

136 1306 162 1325 20
181 1300 318 1330 dationis
331 1298 458 1329 Alberti
482 1302 514 1328 et
531 1298 673 1328 Heinrici
699 1297 856 1338 quondam
876 1297 1121 1337 Ro1nan(orum)
1144 1309 1266 1339 regum,
1291 1300 1553 1340 predecessorum
1579 1303 1767 1337 nostrorum,
1795 1299 1834 1330 de

179 1351 378 1392 benignitate
403 1350 490 1390 regia
516 1350 705 1379 memoratis
729 1349 849 1379 civibus
874 1350 1112 1387 confirmamus7
1142 1351 1328 1380 innovamus
1359 1362 1394 1381 a<-
1424 1351 1524 1381 eciam
1549 1350 1589 1380 de
1614 1351 1832 1390 superhabun-

179 1403 266 1433 danti
283 1403 386 1443 gratia
404 1401 443 1431 de
462 1411 542 1431 novo
554 1401 767 1436 concedimus,
786 1401 940 1431 universis
959 1406 989 1431 et
1003 1401 1135 1441 singulis
1152 1402 1276 1442 imperii
1293 1402 1440 1432 fidelibus
1457 1402 1629 1432 districtius
1645 1402 1833 1436 inhibentes,

180 1465 219 1485 ne
245 1455 315 1495 quis
342 1453 429 1493 ipsos
454 1455 563 1482 contra
586 1452 679 1482 liuius
695 1453 943 1482 confirmationis
969 1456 1001 1483 et
1017 1453 1230 1483 csmcessionis
1247 1458 1352 1483 nostre
1370 1457 1513 1484 tenorem
1530 1453 1650 1484 audeat
1674 1454 1703 1483 in
1727 1454 1834 1494 aliquo

182 1506 366 1539 molestare,
393 1505 473 1534 sieut
497 1513 628 1544 gravem
655 1508 760 1534 nostre
784 1505 962 1534 maiestatis
987 1504 1140 1535 offensam
1165 1505 1300 1535 voluerit
1328 1505 1458 1535 evitare.
1506 1505 1540 1534 In
1565 1505 1652 1535 cuius
1677 1505 1722 1534 rei
1748 1505 1834 1535 testi-

139 1566 163 1585 25
183 1557 324 1588 monium
350 1559 519 1596 presentes
543 1555 697 1585 conscribi
723 1560 755 1585 et
778 1559 884 1586 nostre
910 1556 1086 1586 maiestatis
1109 1556 1214 1595 sigillo
1238 1557 1386 1586 iussimus
1410 1557 1607 1586 communiri.

291 1608 410 1638 Datum
440 1607 618 1647 Ratispone
652 1616 709 1646 per
743 1617 855 1636 manus
890 1606 1083 1637 honorabilis
1113 1607 1259 1638 Welislai
1293 1607 1465 1647 Pragensis
1500 1611 1532 1638 et
1562 1607 1835 1647 NVissegradensis

184 1660 391 1690 eeclesiarum
417 1659 570 1693 canonici,
595 1662 702 1689 nostre
721 1658 838 1698 regalis
855 1658 926 1688 aule
945 1658 1187 1698 prothonotarii,
1212 1660 1279 1689 vice
1305 1659 1495 1689 venerabilis
1513 1659 1640 1689 (tei-laci
1658 1659 1834 1699 Moguntini

182 1711 416 1751 archiepiscopi
456 1710 554 1740 nostri
593 1714 625 1739 et
652 1710 732 1739 sacri
769 1710 894 1749 imperii
933 1720 990 1750 per
1024 1709 1230 1740 Germaniam
1265 1710 1547 1746 archicancellarii,
1586 1721 1667 1740 anno
1707 1709 1834 1740 Domini

182 1762 350 1793 millesimo
376 1761 602 1792 trecentesimo
627 1760 1023 1801 quadragesimoseptimo,
1048 1761 1219 1791 indictione
1247 1761 1320 1797 XV,
1338 1761 1395 1791 IX.
1414 1761 1484 1791 Kal.
1503 1761 1702 1797 Novembris,
1721 1772 1835 1801 regno-

140 1823 165 1841 :10
185 1824 255 1844 rum
279 1816 458 1843 nostrorum
483 1823 564 1843 anno
589 1812 737 1843 secundo.

606 1938 692 1974 981.
735 1938 957 1983 I'ricileyimu
988 1942 1156 1983 quartam.
1187 1958 1232 1962 —
1265 1939 1334 1973 Oct.
1355 1940 1415 1974 24.

292 2001 332 2031 In
356 2010 454 2031 verso:
480 2011 508 2031 a.

293 2060 368 2099 Regl.
392 2061 464 2098 inm.
498 2060 584 2091 VIII
606 2071 654 2091 nr.
673 2060 744 2090 382.

291 2146 430 2176 Karolus
454 2145 516 2176 Dei
540 2146 639 2186 gratia
668 2145 884 2176 Romanorum
911 2171 942 2176 ..
968 2157 1024 2177 rex
1049 2157 1176 2187 semper
1200 2150 1352 2187 augustus
1378 2171 1408 2176 ..
1435 2150 1466 2176 et
1491 2147 1622 2176 Boemie
1648 2170 1653 2175 .
1674 2171 1678 2176 .
1705 2156 1770 2176 rex.

139 2207 163 2226 ³5
291 2197 343 2227 Ad
367 2197 584 2228 universorum
602 2198 681 2227 sacri
698 2197 835 2228 Romani
852 2198 977 2238 imperii
1001 2197 1142 2228 fidelium
1161 2198 1305 2228 notitiam
1323 2197 1481 2238 publicam
1499 2198 1643 2227 volumus
1659 2197 1836 2237 pervenire,

185 2248 270 2290 quod
295 2249 505 2279 insinuatione
522 2248 665 2279 fidelium
682 2252 860 2279 nostrorum
879 2250 992 2279 civium
1010 2249 1291 2289 Ratisponensium
1308 2248 1399 2279 nobis
1416 2249 1606 2278 dilectorum
1624 2247 1834 2288 percepimus

184 2300 270 2341 quod
295 2310 351 2340 per
374 2299 532 2341 predones
561 2304 593 2330 et
616 2300 773 2331 violentas
803 2301 983 2331 invasiones
1008 2300 1205 2331 turbatorum
1230 2301 1319 2341 pacis
1342 2300 1427 2331 idem
1452 2300 1536 2330 vives
1560 2310 1596 2329 ac
1621 2299 1674 2329 alii
1698 2299 1835 2328 viatores

185 2356 217 2382 et
246 2355 441 2381 mercatores
469 2355 624 2382 exeuntes
654 2351 705 2382 vel
732 2353 886 2382 intrantes
916 2353 1077 2382 civitatem
1105 2352 1373 2392 Ratisponensem
1406 2352 1585 2391 capiuntur,
1619 2349 1835 2390 depredantur

185 2407 217 2433 et
253 2402 385 2433 diversis
413 2402 650 2443 gravaminibus
684 2403 904 2439 offenduntur;
939 2414 1035 2444 super
1071 2414 1133 2443 quo
1168 2403 1227 2433 sibi
1263 2404 1423 2443 petierunt
1456 2402 1495 2432 de
1533 2402 1633 2442 regali
1665 2401 1834 2431 clementia

140 2466 168 2484 ιο
186 2453 356 2484 salubriter
390 2454 560 2494 provideri.
630 2455 830 2485 Affectantcs
868 2456 979 2494 igitur,
1015 2458 1108 2495 prout
1146 2465 1185 2485 ex
1225 2455 1364 2484 iniuncto
1405 2453 1494 2484 nobis
1541 2457 1685 2483 tenemur
1719 2453 1834 2487 officio„

185 2505 360 2535 eorundem
386 2510 549 2546 tamquam
574 2505 762 2536 devotorum
787 2510 819 2537 ct
842 2506 983 2536 fidelium
1016 2507 1140 2546 imperii
1169 2506 1284 2546 quietis
1308 2504 1509 2535 commodum
1535 2514 1706 2544 preparare
1731 2503 1832 2532 indul-

185 2565 298 2596 gemus
327 2559 359 2586 et
386 2556 589 2587 concedimus
617 2557 752 2588 eisdem.
786 2561 820 2587 ut
849 2558 1038 2588 auctoritate
1071 2558 1169 2598 regali
1199 2548 1378 2587 turbatores
1408 2558 1495 2596 pacis
1523 2561 1554 2586 et
1584 2556 1727 2585 homines
1755 2555 1831 2584 faci-

186 2617 316 2637 nerosos
357 2608 386 2637 in
425 2608 552 2638 civitate
588 2607 814 2648 Ratisponensi
852 2613 884 2639 et
922 2612 1012 2639 extra
1050 2610 1210 2639 civitatem
1243 2614 1377 2648 capere³
1408 2608 1534 2638 valeant
1565 2608 1594 2636 in
1629 2606 1744 2636 iudicio
1776 2615 1831 2634 seu

189 2657 328 2689 dominio
354 2659 571 2699 quorumlibet
600 2659 800 2690 dominorum
831 2663 862 2690 et
891 2664 1001 2700 captos
1025 2661 1055 2690 in
1080 2660 1240 2690 civitatem
1266 2659 1382 2689 ducere
1412 2661 1636 2691 nmnmmtam,
1674 2658 1714 2686 ita
1748 2655 1831 2696 quod

143 2745 169 2763 ⁴5
290 2743 354 2769 ‘281-
382 2747 405 2774 ἃ)
425 2752 487 2776 cape
506 2754 543 2769 or.

1854 2454 1869 2477 0'
