2189 2984
319 159 377 188 152
780 154 876 180 ACTA
897 152 1009 179 REGNI
1029 153 1165 179 KAROLI
1186 152 1232 178 iv.
1271 152 1344 178 1346.
1382 151 1430 177 ΝΥ.
1445 151 1501 177 110.

318 242 453 274 ecclesie
478 243 719 282 archiepiscopo
743 241 812 281 ipso
847 240 878 270 in
913 249 969 270 sua
998 240 1162 280 provincia
1186 239 1344 269 existente
1371 238 1530 278 legittime
1555 238 1698 278 recipere
1723 240 1905 277 teneantur,
1935 241 1967 268 et

319 294 402 334 quod
427 294 530 324 nullus
554 293 747 323 vasallorum
771 290 953 321 huiusmodi
978 290 1099 331 absque
1125 300 1277 330 expresso
1303 299 1458 319 consensu
1486 288 1585 328 ipsius
1614 288 1846 329 archiepiscopi
1871 288 1967 320 feoda

317 346 357 376 ab
383 346 450 385 ipso
480 349 512 375 et
536 344 724 374 Treverensi
755 342 891 374 ecclesia
916 341 1148 373 descendencia
1172 341 1263 371 titulo
1288 341 1428 381 pignoris
1456 343 1512 370 aut
1541 340 1603 370 alio
1635 341 1746 381 quovis
1773 341 1869 371 modo
1894 352 1966 381 pre-

317 400 421 426 sumat
445 396 585 426 alienare
610 396 641 424 in
664 394 802 424 aliumve
827 392 1013 429 transferre;
1043 392 1183 433 alioquin
1208 396 1272 422 tam
1297 402 1359 421 non
1384 392 1558 432 suscipiens
1582 392 1663 422 infra
1686 402 1813 430 annum,
1837 396 1872 422 ut
1894 403 1967 433 pre-

317 449 427 478 fertur.
452 457 546 487 quam
571 446 714 476 alienans
738 448 770 475 et
787 445 962 475 alienatum
979 445 1135 485 recipiens
1160 454 1178 474 a
1202 444 1269 474 iure
1286 442 1373 473 feodi
1390 443 1506 473 cadant
1530 447 1561 473 et
1585 443 1715 474 feodum
1740 444 1780 474 ad
1805 444 1968 475 dominum

318 500 387 539 ipso
412 498 497 528 facto
522 497 622 528 libere
647 499 828 527 revertatur
840 496 861 528 ¹.

427 560 470 593 [2)
500 558 581 588 Item
611 558 699 587 iuxta
728 566 913 587 communes
949 555 1167 586 observantias
1200 565 1256 584 seu
1293 554 1539 585 eonsuetudines
1574 555 1700 595 imperii
1735 566 1831 596 super
1865 555 1969 587 feodis

317 610 471 640 hactenus
495 609 704 640 communiter
728 607 913 638 observatas
937 607 1104 637 statuimus
1133 609 1166 636 et
1189 605 1386 641 ordinamus,
1419 605 1504 646 quod
1533 607 1638 637 omnia
1662 605 1771 647 feoda,
1803 607 1868 638 sive
1893 608 1968 638 sim-

318 662 413 702 plicia
444 662 509 691 sive
539 660 727 698 castrensia,
763 669 782 688 a
814 658 959 699 predicto
993 657 1235 697 archiepiscopo
1271 660 1303 687 et
1340 657 1408 687 eius
1441 657 1577 687 ecclesia
1607 656 1842 698 dependenda,
1878 659 1902 689 si
1931 670 1970 690 ea

319 713 499 743 [manentes
523 713 589 743 sine
613 711 787 742 heredibus
810 711 976 751 legittimis
1001 709 1207 746 decesserint,
1231 708 1272 739 ad
1296 709 1399 749 ipsum
1425 713 1457 739 et
1481 709 1659 749 predictam
1684 721 1773 740 suam
1799 710 1969 741 ecclesiam

318 768 480 804 tamquam
506 764 657 793 vacancia
681 762 781 793 libere
807 762 1026 793 devtssdvantur.
1052 760 1201 801 quodque
1219 760 1400 790 huiusmodi
1425 760 1521 790 feoda
1538 763 1701 802 tamquam
1726 761 1810 792 dicte
1834 762 1969 793 ecclesie

319 816 467 845 vacancia
495 814 597 845 dictus
621 814 881 854 archiepiscopus
905 813 1016 852 suique
1042 822 1242 842 successores
1267 811 1326 841 sibi
1351 815 1383 842 et
1406 812 1467 852 ipsi
1491 812 1626 843 ecclesie
1652 812 1841 844 Treverensi
1865 813 1970 854 appli-

319 877 391 897 care
422 866 517 907 pleno
546 867 615 896 iure
640 866 781 899 valeant,
814 865 1050 895 reclamacione
1085 874 1140 893 scu
1172 863 1423 893 contradictione
1458 863 1672 903 femellarum,
1705 868 1895 905 agnatorum
1919 865 1971 895 vel

319 922 527 958 cognatorum
558 917 743 948 decedentis
766 915 948 946 huiusmodi
973 915 1116 955 qualibet
1143 925 1205 945 non
1235 914 1396 951 obstante‚
1429 914 1489 944 nisi
1518 914 1592 945 dicti
1623 916 1730 956 agnati
1759 926 1815 946 seu
1843 916 1971 957 cognati

318 969 367 999 vel
393 969 522 1000 femelle
547 980 604 1009 per
628 969 750 999 littcras
775 967 939 998 evidentes
963 966 1014 996 vel
1039 966 1108 996 aliis
1132 966 1236 998 modis
1259 966 1425 1006 legittimis
1448 966 1654 1005 ostenderint,
1680 967 1764 1007 quod
1788 967 1970 998 huiusmodi

319 1021 415 1051 feoda
440 1021 479 1051 ad
504 1020 590 1061 ipsos
614 1021 675 1050 sint
700 1019 821 1060 pociori
844 1018 895 1049 vel
919 1018 1053 1058 speciali
1078 1018 1146 1048 iure
1171 1017 1286 1048 merito
1312 1017 1520 1048 devolvenda.

427 1084 471 1120 125)
505 1081 586 1110 Item
619 1081 832 1120 proprietates
856 1079 906 1109 vel
936 1078 1031 1109 feoda
1064 1078 1139 1108 dicti
1174 1078 1407 1118 archiepiscopi
1442 1089 1636 1119 suorumque
1672 1090 1890 1111 successorum
1920 1079 1972 1111 vel

318 1133 458 1173 ipsorum
484 1131 681 1162 subditorum
707 1141 908 1172 ‹piacumque
934 1131 1102 1160 occasione
1127 1130 1178 1160 vel
1209 1140 1304 1160 causa
1335 1130 1455 1170 absque
1484 1131 1624 1170 ipsorum
1655 1141 1809 1161 consensu
1834 1141 1891 1171 per
1914 1132 1971 1162 ali-

320 1194 414 1224 quem
434 1184 579 1213 nolumus
597 1182 744 1223 occupari
770 1186 802 1212 et
826 1183 950 1212 restitui
968 1181 1162 1222 precipimus
1179 1181 1286 1211 taliter
1303 1185 1475 1221 occupata:
1501 1185 1533 1212 et
1557 1192 1628 1212 cum
1653 1182 1728 1223 ipsis
1745 1182 1839 1213 feoda
1864 1183 1971 1223 aliquo

318 1239 534 1276 pretactorum
552 1234 719 1265 modorum
744 1244 801 1264 seu
823 1233 884 1264 alio
903 1233 1047 1274 quolibet
1064 1233 1248 1263 vacaverint
1263 1233 1313 1263 vel
1338 1232 1379 1263 ad
1403 1233 1488 1273 ipsos
1506 1232 1656 1264 devoluta
1679 1234 1797 1264 fuerint
1820 1244 1875 1264 seu
1901 1244 1972 1264 cum

320 1297 359 1317 ca
384 1287 549 1319 evicerint,
581 1285 782 1326 indulgemus
816 1290 847 1315 et
871 1285 1031 1323 volumus,
1067 1284 1152 1325 quod
1184 1284 1243 1324 ipsi
1272 1295 1330 1324 per
1358 1294 1392 1314 se
1423 1288 1455 1314 et
1478 1295 1551 1314 suos
1574 1285 1765 1316 auctoritate
1790 1287 1919 1326 propria
1943 1290 1975 1318 et

320 1339 386 1368 sine
411 1338 554 1368 ulteriori
579 1338 764 1377 (piusquam
788 1337 1002 1377 requisicione
1028 1336 1123 1367 feoda
1140 1336 1320 1366 huiusmodi
1346 1335 1590 1376 apprehendere
1616 1339 1647 1367 et
1671 1346 1704 1366 se
1721 1337 1825 1367 modis
1850 1341 1882 1368 et
1905 1339 1973 1378 viis,

320 1389 434 1430 quibus
456 1389 623 1427 voluerint,
649 1389 861 1418 intromittere
880 1388 1009 1418 valeant
1033 1387 1072 1418 de
1098 1387 1219 1417 eisdem
1245 1390 1277 1417 et
1301 1397 1359 1427 per
1377 1398 1576 1428 consequens
1601 1387 1639 1418 de
1665 1387 1768 1418 feodis
1792 1388 1975 1419 huiusmodi

321 1441 491 1481 disponere
517 1441 638 1480 possint
662 1443 694 1469 et
719 1439 857 1470 debeant
882 1450 938 1479 pro
964 1449 1019 1470 sue
1044 1438 1248 1479 beneplacito
1274 1439 1454 1469 voluntatis.

428 1504 471 1534 (4)
498 1500 578 1530 Item
593 1500 737 1530 volumus
755 1504 786 1529 et
804 1499 947 1539 predicto
965 1499 1205 1539 archiepiscopo
1224 1502 1256 1529 et
1272 1499 1335 1529 suis
1353 1499 1586 1529 successoribus
1603 1499 1806 1530 concedimus
1819 1501 1974 1541 graciose,

321 1552 416 1593 quod„
443 1553 731 1592 quocienscumque
750 1551 889 1591 aliquem
909 1551 1173 1591 patremfamilias
1190 1551 1271 1581 infra
1289 1550 1462 1580 dominium
1487 1560 1542 1580 scu
1560 1550 1650 1591 palas
1668 1550 1751 1581 dicte
1769 1551 1974 1583 Treverensis

321 1604 454 1634 ecclesie
473 1607 725 1633 ‹:‹›mmm-antem
750 1613 804 1633 seu
822 1602 1016 1633 residentem
1034 1603 1151 1633 relictis
1168 1602 1276 1633 liberis
1294 1601 1500 1642 impuberibus
1517 1602 1675 1632 decedere
1693 1604 1857 1643 contingat
1874 1604 1975 1635 tutela

321 1655 562 1685 testamentaria
581 1654 631 1684 vel
656 1658 844 1694 agnatorum
862 1654 1021 1694 legittima
1038 1653 1218 1691 deficiente,
1243 1653 1386 1694 prefatus
1411 1653 1669 1694 archiepiscopus
1693 1655 1825 1695 eiusque
1849 1666 1974 1686 succes—

321 1717 408 1737 sores
425 1705 464 1736 de
483 1706 582 1736 tutela
600 1705 755 1735 dictorum
782 1705 969 1745 i1111uil›eruin
995 1716 1027 1735 sc
1050 1705 1261 1735 intromittere
1279 1705 1401 1745 possint
1425 1714 1461 1734 ac
1478 1706 1802 1736 amministracionem
1820 1706 1974 1737 bonorum

321 1763 352 1788 ct
377 1768 481 1788 rerum
499 1758 638 1797 ipsorum
663 1756 722 1786 sibi
740 1766 902 1786 assumere
927 1757 994 1786 sine
1012 1760 1120 1786 tamen
1138 1757 1389 1786 iuramentorum
1407 1757 1607 1796 prestacione
1633 1760 1664 1787 et
1683 1756 1817 1787 aliarum
1835 1757 1973 1799 solemp-

321 1811 465 1840 nitatum.
491 1819 551 1848 que
576 1809 606 1837 in
631 1807 828 1838 assumendis
854 1807 1009 1838 tutoribus
1033 1806 1244 1848 respui-untur.
1288 1807 1329 1837 Et
1353 1807 1533 1837 huiusmodi
1559 1809 1655 1838 etiam
1680 1812 1819 1838 nostram
1845 1819 1975 1840 conces-

321 1862 442 1891 sionem
467 1860 506 1890 ad
532 1859 627 1889 feoda
645 1859 719 1889 dicti
737 1859 967 1899 archiepisctqwi
987 1864 1018 1889 et
1035 1869 1090 1889 sue
1109 1859 1243 1889 ecclesie
1260 1858 1452 1899 ubicumque
1470 1859 1539 1895 sita,
1564 1859 1589 1888 si
1606 1869 1644 1889 ea
1662 1859 1841 1890 obtinentes
1858 1860 1976 1891 relictis

301 1912 428 1942 ‘liberis
453 1911 658 1951 inpuberibus
683 1910 862 1940 huiusmodi
889 1910 983 1940 feoda
1008 1910 1177 1950 capacibus
1201 1910 1413 1944 decesserint,
1439 1910 1602 1943 videlicet.
1636 1910 1720 1951 quod
1745 1910 1846 1941 dictus
1871 1912 1975 1942 archi-

322 1964 490 2003 episcopus
521 1967 552 1992 et
582 1963 627 1992 sui
652 1972 850 1992 successores
880 1962 1011 1992 tutelam
1040 1962 1196 1992 dictorum
1222 1961 1410 2001 impuberum
1439 1971 1496 1992 seu
1520 1962 1845 1993 amministracionem
1870 1963 1975 2002 quoad

323 2016 389 2055 ipsa
414 2013 509 2044 feoda
532 2013 682 2045 habeant,
707 2013 944 2043 extendendam
970 2013 1118 2043 duximus
1143 2017 1175 2044 et
1200 2013 1402 2044 extendimus
1427 2023 1484 2053 per
1508 2017 1683 2052 presentes.

431 2090 536 2121 [XYI]
562 2089 652 2120 ltcm2
683 2095 799 2121 firmiter
829 2095 1015 2123 inhibemus&
1046 2104 1081 2120 nc
1109 2095 1258 2128 quisquam
1282 2095 1378 2127 aliqua
1402 2094 1569 2122 fortalicia*.
1601 2097 1693 2120 castra
1725 2091 1775 2122 vel
1812 2091 1908 2131 opida
1944 2092 1974 2121 in

323 2144 440 2171 <sundo>
454 2141 659 2171 'I'revm-ensis
677 2142 810 2172 ecclesie
824 2141 874 2171 vel
889 2141 1022 2172 aliarum
1042 2145 1251 2171 <ecelesiarum>
1273 2152 1328 2171 seu
1341 2142 1605 2172 monasteriorum
1621 2141 1825 2172 Treverensis
1838 2143 1975 2173 civitatis

324 2198 354 2223 et
371 2193 517 2233 dyocesis
533 2193 583 2223 vel
608 2193 638 2222 in
663 2194 760 2233 ipsius
785 2193 919 2223 ecclesie
937 2193 1142 2223 Treverensis
1159 2193 1427 2223 iurisdictionibus
1444 2196 1498 2223 aut
1515 2192 1720 2231 districtibus,
1738 2194 1835 2223 etiam
1852 2194 1974 2225 ratione

324 2244 455 2274 alicuius
473 2244 686 2284 proprietati&
712 2244 821 2274 allodii
845 2248 899 2274 aiut
916 2244 1012 2281 feodi,
1038 2248 1203 2274 (advocatie
1223 2256 1279 2274 seu
1298 2248 1353 2273 alio
1373 2256 1513 2280 quoquam
1533 2247 1694 2281 pretextu>y
1718 2245 1768 2275 vel
1792 2249 1866 2275 infra
1889 2258 1973 2275 unam

323 2301 430 2325 leucum
448 2310 460 2324 21
480 2300 547 2325 locis
566 2300 767 2326 iurisdictionis
785 2302 834 2326 aut.
850 2300 1014 2326 districtus*
1032 2300 1176 2336 pl'etactc
1194 2300 1310 2326 ecclesie
1321 2300 1508 2327 Treverensis.
1526 2309 1618 2333 quam,
1635 2297 1709 2336 quia
1727 2296 1805 2326 alias
1822 2295 1975 2326 ecclesias

325 2351 481 2376 veneramb¹
511 2351 662 2376 senectuti>v
688 2352 882 2385 prerogativa,
914 2352 948 2377 ut
980 2351 1012 2378 Qt
1040 2358 1135 2388 supra
1166 2348 1368 2387 premittitur,
1397 2351 1550 2384 precellit,
1582 2352 1785 2378 decrevimus
1814 2352 1974 2378 huiusmodi

324 2402 472 2435 privilegio
502 2398 683 2437 spctdalitcr
711 2402 848 2430 decorari.
882 2403 941 2429 sine
966 2412 1097 2436 expresso
1123 2412 1259 2429 consensu
1284 2411 1333 2428 suo
1358 2402 1478 2436 erigere.
1510 2403 1659 2431 collocare,
1689 2401 1903 2429 <construere>
1930 2404 1974 2429 vel

326 2455 415 2479 facere
435 2453 525 2478 valeat
550 2462 597 2478 seu
619 2453 721 2479 audeat
747 2454 773 2479 in
793 2455 926 2485 futurum,
951 2454 982 2480 ct
1006 2450 1037 2480 id
1063 2450 1165 2490 ipsum
1190 2449 1280 2480 nobis
1304 2454 1335 2479 ct
1359 2450 1474 2480 nostris
1491 2449 1725 2480 successoribus
1742 2461 1810 2481 esse
1829 2451 1976 2481 volumus

326 2499 542 2530 interdictum:
583 2505 721 2536 volentes,
751 2506 837 2538 quod,
869 2506 890 2531 si
914 2506 1062 2538 quisquam
1091 2501 1121 2530 ln
1151 2501 1209 2531 hoc
1235 2505 1374 2531 contraire
1398 2505 1612 2538 presumsfflerit,
1646 2505 1739 2538 quod*
1762 2501 1845 2531 ultra
1875 2511 1975 2541 penas

325 2550 542 2590 infrascriptam
566 2564 615 2588 per
631 2556 872 2589 archiepiscopmu
890 2559 918 2582 ct
935 2557 1079 2582 ecclesiam
1098 2557 1238 2590 predictos
1256 2565 1375 2589 suosque
1394 2558 1517 2582 fautores
1535 2557 1593 2582 sine
1611 2556 1678 2582 iuris
1695 2556 1798 2582 iniuria
1815 2556 1974 2590 impugnari

327 2606 357 2631 et
383 2601 540 2632 editicium
566 2602 669 2632 dirimi
696 2608 785 2633 valcat
812 2610 838 2633 ct
864 2608 969 2641 repelli.

430 2713 456 2737 1³
480 2711 519 2742 Cf.
542 2712 575 2737 Ii‘.
591 2711 704 2737 Ladan-c
728 2713 743 2738 Ι.
757 2721 775 2737 c.
792 2721 819 2744 p.
835 2717 882 2737 ,τι-2
906 2721 930 2738 ιι.
946 2718 965 2738 1.
1066 2713 1091 2743 2)
1116 2713 1226 2738 fucinis
1250 2714 1354 2739 inclusa
1381 2722 1412 2739 em
1433 2713 1568 2738 Fridcrici
1584 2713 1620 2738 ΙΙ.
1641 2713 1781 2746 prirz'leyio
1806 2713 1836 2738 in
1859 2713 1974 2744 furorem

324 2762 477 2786 promptim
497 2755 729 2779 ecclesiasticumm
750 2763 832 2787 snpra
853 2758 911 2781 [0111.
928 2755 960 2780 II
981 2763 1020 2780 nr.
1037 2758 1065 2780 73
1085 2757 1097 2786 ,δ
1114 2761 1135 2781 υ.

1991 723 2015 742 10

1990 982 2014 1001 15

1992 1244 2016 1262 20

1993 1511 2017 1531 25

1994 1768 2018 1786 30

1994 2023 2017 2041 35

1994 2309 2019 2327 40

1993 2566 2018 2584 45
