2189 2984
162 682 186 702 10

163 941 185 959 15

162 1201 187 1220 20

163 1460 186 1478 25

163 1718 187 1736 30

163 1975 188 1993 35

163 2236 189 2254 4⁰

164 2493 189 2510 45

644 122 739 148 ACTA
760 122 869 148 REGNI
893 121 1029 147 KAROLI
1050 121 1096 147 [V.
1136 122 1207 148 134>
1246 122 1292 148 ΧΓ.
1308 123 1365 149 (Μ.
1791 130 1853 156 (mg)

204 214 236 240 ct
262 209 351 240 vobis
375 209 510 240 eandem
534 208 861 239 amministracionem
884 207 985 238 libere
1003 212 1201 238 assumentes
1220 208 1337 239 fructus
1362 213 1393 239 et
1412 209 1553 240 redditus
1571 221 1680 242 omnes
1698 216 1729 242 et
1746 213 1853 252 siugu-

206 261 254 291 los
279 261 318 292 de
336 264 481 302 pretaeta
497 260 786 292 amministracione
811 270 867 290 seu
885 270 925 290 cx
943 259 1034 289 bouis
1051 259 1281 300 temporalibus
1299 260 1382 290 dicte
1401 261 1535 291 ecclesie
1560 261 1601 291 ad
1619 287 1625 292 .
1644 287 1649 292 .
1667 263 1852 304 episcopum

205 317 352 353 spectare
377 312 483 352 alae‘ias)
501 311 692 343 debentibus
716 310 822 341 medio
847 314 992 351 tempore
1016 311 1242 352 provenientes
1267 314 1298 341 et
1322 322 1384 351 que
1409 322 1427 341 a
1445 316 1599 352 tempore.
1625 324 1686 354 quo
1705 314 1807 344 dietus
1825 338 1854 345 ..

206 365 374 405 episcopus
405 365 436 394 in
466 373 555 394 mora
585 366 617 393 et
646 362 788 395 defectu,
825 366 858 393 ut
888 363 1101 403 pretangitur,
1131 362 1251 401 fuerat,
1283 368 1498 402 proveiwruut
1529 367 1561 393 et
1590 366 1794 404 provenerint
1824 367 1854 396 in

206 415 356 449 futurum,
381 418 487 445 nostro
511 415 587 445 fiseo
612 424 667 445 seu
685 413 861 444 venerabili
878 413 1065 444 Baldewino
1090 413 1331 454 archiepiscopo
1349 414 1549 448 Treverensi,
1575 419 1688 455 patruo
1714 420 1745 447 et
1769 418 1854 458 prin—

205 468 267 508 cipi
291 471 398 497 nostro
421 466 599 499 karissimo,
624 470 731 496 nostro
756 470 788 496 et
812 466 900 506 regio
924 466 1052 496 nomine
1077 466 1232 495 curaretis
1257 465 1439 495 omnimode
1464 467 1634 506 applicare.
1674 468 1736 499 Per
1760 479 1855 509 quam

205 518 335 559 quidem
359 518 615 549 commissionem
640 518 763 558 regiani
787 518 891 558 ipsum
916 517 1089 557 capitulum
1119 516 1149 546 in
1179 516 1246 546 iure
1272 526 1328 546 suo
1354 517 1525 556 reputabat
1552 528 1612 548 non
1638 520 1797 550 modicum
1823 530 1856 550 se

205 570 341 610 gravari.
366 569 549 610 supplicans
573 574 679 600 nostre
704 569 878 600 clemencie
903 569 1065 599 humiliter
1090 571 1121 599 et
1145 568 1276 603 devote,
1302 572 1335 598 ut
1358 568 1581 609 indempnitati
1605 570 1748 600 eiusdem
1773 572 1856 611 capi-

205 622 261 652 tuli
290 622 321 651 in
349 621 409 652 hae
439 626 530 663 parte
556 621 606 662 pie
635 622 818 662 prospicere
844 621 968 662 ipsique
997 630 1093 660 super
1122 620 1180 650 hiis
1210 620 1367 649 iusticiam
1396 620 1464 649 tieri
1492 620 1725 652 mandaremus.
1777 622 1856 652 Cum

204 677 313 704 autom
338 674 459 714 regiam
484 673 686 704 maiestatem
711 672 834 707 deceat,
859 676 951 712 prout
975 673 1071 702 etiam
1097 682 1138 702 ex
1162 672 1270 701 inuata
1293 671 1384 701 nobis
1401 671 1571 702 clementia
1587 672 1617 701 in
1636 673 1716 703 votis
1732 683 1860 713 semper

205 725 255 765 pie
273 725 428 765 gessimus
454 728 485 755 et
505 725 656 765 gerimus,
680 724 794 765 cuique
820 724 965 757 ecclesie,
991 723 1130 763 capitulo
1155 726 1187 752 ct.
1211 722 1347 762 collegio
1372 733 1428 752 sua
1453 723 1520 753 iura
1538 723 1735 764 reintegrare
1761 732 1791 754 et
1810 735 1857 755 re-

204 777 362 817 integrata
387 786 516 807 servare
541 776 640 808 illesa.
665 776 812 806 fidelitati
837 778 941 806 vestre
974 785 1030 816 per
1060 774 1119 805 hec
1143 774 1261 814 scripta
1292 775 1381 814 regia
1410 774 1554 804 ducimus
1584 775 1858 808 committendum.

205 835 372 868 quatenus,
397 828 423 858 si
447 832 494 858 est
518 828 572 860 ita.
601 831 811 858 memoratum
838 827 1010 868 capitulum
1036 826 1077 857 ad
1102 827 1148 856 ius
1173 836 1265 856 suum
1289 826 1372 856 eirca
1397 825 1514 856 dictam
1539 827 1857 858 amministrationem

204 890 328 910 necnon
358 879 510 920 quicquid
539 880 703 919 recepistis
735 890 773 910 cx
804 890 856 918 ea,
887 878 973 920 quod
1001 879 1031 908 in
1060 882 1200 908 nostram
1227 877 1276 908 vel
1305 878 1403 908 nostri
1432 878 1499 908 fisci
1524 877 1694 908 utilitatem
1719 879 1857 910 nondum

208 941 395 962 conversum
425 931 555 970 existat,
587 930 646 961 sibi
675 930 768 971 plene
799 934 829 961 et
859 930 958 961 libere
990 930 1204 961 restituentes.
1237 930 1341 969 ipsum
1371 929 1455 959 dicto
1485 930 1551 959 iure
1582 940 1638 960 suo
1670 931 1858 961 auctoritate

205 983 294 1023 regia
324 983 408 1013 eirca
432 982 612 1013 huiusmodi
637 983 956 1013 amministrationem
980 981 1122 1022 gaudere
1152 981 1283 1021 pacifice
1310 981 1447 1013 faciatis,
1477 992 1536 1011 non
1563 981 1761 1012 obstantibus
1790 983 1860 1013 aliis

206 1034 319 1065 litteris
344 1035 439 1075 regiis
463 1038 495 1065 et
519 1035 742 1065 commissione
769 1034 928 1075 predictis,
955 1044 1042 1074 quas.
1068 1034 1098 1064 in
1124 1038 1277 1074 quantum
1303 1033 1361 1063 iuri
1386 1033 1554 1063 memorati
1573 1033 1700 1073 capituli
1720 1034 1858 1066 obviant,

206 1087 346 1117 tollimus
370 1087 400 1116 in
424 1086 484 1116 hiis
508 1086 642 1127 scriptis.

315 1138 466 1169 Ceterum
496 1141 602 1168 nostro
632 1138 760 1168 culmini
790 1149 846 1178 pro
876 1142 965 1178 parte
991 1137 1135 1167 eiusdem
1161 1137 1292 1177 capituli
1317 1145 1364 1167 est
1388 1136 1613 1176 conquerendo
1639 1140 1858 1171 monstramini,

207 1190 306 1231 quod.
338 1191 413 1220 licet
436 1190 538 1230 ipsum
563 1190 737 1230 capitulum
762 1190 844 1220 ultra
869 1190 1033 1230 premissa.
1063 1190 1164 1219 eciam
1189 1189 1238 1219 si.
1258 1213 1263 1218 .
1289 1189 1458 1229 episcopus
1482 1188 1722 1218 Cameracensis
1746 1199 1803 1219 sua
1826 1192 1860 1219 ut

206 1242 401 1283 premittitur
430 1241 538 1272 debite
567 1243 757 1282 suscepisset
786 1241 907 1282 regalia
936 1241 1097 1281 fidemque
1127 1241 1255 1271 fecisset
1285 1240 1324 1270 de
1354 1240 1444 1280 ipsis7
1476 1240 1571 1270 fuerit
1600 1240 1628 1269 in
1659 1240 1858 1280 possessione

206 1293 258 1324 vel
285 1294 374 1334 quasi
405 1292 563 1324 indicendi
593 1298 624 1323 et
654 1293 837 1334 imponendi
869 1293 1054 1323 malatotam
1086 1303 1141 1323 seu
1167 1292 1305 1331 vectigal
1335 1292 1365 1321 in
1394 1291 1521 1321 civitate
1547 1291 1770 1322 Cameracensi
1800 1302 1861 1322 una

208 1356 280 1376 cum
305 1371 311 1377 .
331 1371 335 1376 .
355 1345 505 1385 episeopo
523 1355 579 1375 suo
597 1344 716 1375 ibidem
734 1355 790 1375 scu
807 1345 902 1385 quod,
928 1345 1075 1385 quotiens
1092 1345 1246 1374 malatina
1263 1343 1444 1374 huiusmodi
1461 1343 1492 1373 iu
1509 1343 1595 1374 dicta
1612 1344 1739 1374 civitate
1757 1344 1861 1373 fuerat

206 1397 411 1438 imponenda,
437 1397 543 1437 inponi
568 1406 624 1427 seu
648 1396 780 1427 concedi
804 1407 866 1426 non
890 1395 1033 1427 debebat
1058 1405 1115 1426 nec
1140 1398 1267 1436 poterat
1290 1395 1357 1425 sine
1376 1395 1542 1425 memorati
1561 1394 1689 1435 capituli
1707 1405 1861 1425 emis-cusu

209 1452 240 1479 et
257 1459 388 1479 assensu
405 1449 532 1489 petitisa
556 1448 700 1488 legitime
726 1454 757 1478 ct
781 1447 932 1485 obtentis,
958 1447 1043 1478 idem
1068 1450 1175 1478 tamen
1194 1447 1363 1487 episcopus
1379 1446 1551 1477 modernus
1568 1447 1670 1486 ipsum
1689 1446 1860 1487 capitulum

208 1501 275 1531 iure
300 1500 480 1530 huiusmodi
504 1503 626 1530 temere
650 1499 853 1530 destituendo
878 1499 996 1529 dietam
1021 1499 1208 1529 malatotam
1232 1499 1263 1528 in
1288 1499 1415 1529 civitate
1441 1501 1586 1539 pretacta
1610 1509 1665 1538 pro
1690 1508 1744 1528 sue
1770 1498 1860 1528 dum-

207 1555 299 1582 taxat
321 1552 492 1582 voluntatis
515 1551 718 1592 beneplacito
744 1551 774 1581 in
798 1551 896 1592 ipsius
920 1550 1050 1591 capituli
1076 1551 1230 1581 lesionem
1256 1560 1418 1580 enormem
1449 1554 1480 1580 et
1504 1549 1634 1580 evidens
1658 1549 1860 1590 preiuditium

208 1603 396 1644 imposuisse
428 1607 459 1634 et
489 1603 683 1634 concessisse
714 1603 878 1635 asseritur.
910 1603 1009 1643 ipsius
1037 1602 1167 1643 capituli
1191 1612 1287 1642 super
1312 1602 1371 1631 hoc
1399 1612 1553 1632 consensu
1578 1602 1707 1631 minime
1732 1601 1861 1631 obtento

208 1665 266 1685 nec
295 1655 392 1685 etiam
424 1655 591 1695 requisito.
623 1655 774 1695 quinymo
805 1654 921 1685 eodem
950 1655 1089 1695 capitulo
1120 1653 1359 1684 contradicente
1389 1652 1515 1694 publice
1547 1656 1578 1682 ct
1609 1653 1638 1682 in
1670 1653 1860 1683 contrarium

207 1710 414 1747 protestante.
463 1705 541 1736 Cum
567 1710 675 1737 autem
700 1705 860 1736 destitutis
884 1707 998 1736 iniuste
1023 1707 1063 1736 sit
1087 1706 1295 1736 restitutionis
1315 1705 1471 1736 beneficio
1497 1716 1554 1745 per
1570 1705 1749 1734 serenitatis
1774 1704 1860 1744 regie

205 1757 441 1798 providentiam
464 1757 723 1795 succurrendum,
748 1758 906 1788 nobilitati
931 1762 1035 1788 vestre
1059 1757 1287 1788 committimus
1312 1760 1343 1787 et
1368 1756 1569 1787 mandamus
1595 1759 1750 1796 quatenus
1774 1755 1859 1785 solli-

206 1809 313 1840 citudo
341 1812 447 1839 vestra
478 1809 604 1839 reiectis
636 1809 765 1840 morulis
797 1809 985 1840 malatotam
1016 1809 1192 1849 predictam
1222 1808 1364 1839 indebite
1394 1812 1427 1838 ut
1456 1808 1648 1848 premittitur
1676 1808 1858 1847 impositam

206 1860 312 1901 quoad
337 1861 405 1891 cius
425 1860 654 1900 receptionem.
679 1860 873 1891 levationem
899 1864 930 1891 et
954 1870 1079 1891 cursum
1102 1860 1283 1891 huiusmodi
1300 1870 1400 1900 usque
1426 1860 1453 1889 in
1479 1859 1541 1889 litis
1558 1862 1706 1889 eventum
1721 1859 1858 1888 auctori-

206 1916 272 1943 tate
297 1912 386 1952 regia
413 1911 643 1952 suspendatisb,
676 1912 734 1942 nisi
765 1911 867 1942 dictus
886 1937 891 1943 .
910 1936 916 1942 .
935 1913 1104 1952 episcopus
1136 1923 1169 1943 se
1202 1912 1268 1943 iure
1301 1912 1418 1943 dietam
1452 1911 1638 1941 malatotam
1669 1910 1858 1951 imposuisse

208 1964 315 1994 statim
349 1963 494 1994 docuerit
525 1973 633 1994 coram
662 1963 765 1997 vobis,
798 1968 829 1994 et
860 1964 885 1994 si
918 1964 1073 2004 premissa
1105 1974 1161 2004 pro
1192 1967 1283 2004 parte
1315 1963 1390 1994 dicti
1422 1961 1551 2003 capituli
1585 1962 1676 1992 nobis
1710 1966 1858 2002 suggesta

205 2016 342 2046 veritate
367 2016 515 2050 nitantur,
541 2020 613 2046 tune
636 2018 815 2046 memorato
841 2015 980 2056 capitulo
1006 2015 1046 2046 ad
1070 2016 1118 2046 ius
1142 2025 1233 2046 suum
1260 2025 1316 2056 per
1340 2015 1561 2045 diffinitionem
1583 2016 1721 2044 vestram
1747 2013 1860 2043 cadem

205 2067 394 2097 auctoritate
416 2067 535 2097 suffulti
557 2067 699 2108 plenarie
722 2067 868 2098 restituto
890 2068 994 2108 ipsum
1012 2067 1136 2098 faciatis
1154 2067 1286 2107 pacifice
1304 2067 1371 2097 inre
1389 2076 1444 2096 suo
1462 2065 1612 2106 gaudere.
1631 2064 1860 2105 compellentes

206 2118 428 2149 nichilominus
455 2118 574 2149 dictum
605 2119 792 2160 episcopum
821 2129 943 2149 necnon
974 2121 1159 2159 receptores
1189 2128 1245 2149 seu
1275 2117 1435 2149 levatores
1466 2117 1619 2147 maletote
1649 2118 1791 2156 pretacte
1820 2115 1860 2146 de

207 2171 344 2211 receptis
371 2173 403 2200 et
433 2169 546 2201 levatis
576 2170 617 2201 ab
646 2171 716 2211 ipsa
746 2171 796 2201 vel
821 2171 988 2201 occasione
1016 2171 1115 2211 ipsius
1140 2170 1230 2200 vobis
1255 2174 1360 2200 nostro
1386 2169 1513 2199 nomine
1537 2167 1678 2198 debitam
1703 2168 1859 2198 rationem

208 2232 265 2252 seu
295 2225 479 2262 computum
508 2222 581 2252 inde
611 2222 747 2253 reddere
779 2225 812 2253 et
840 2223 909 2263 ipsa
933 2225 1064 2263 recepta
1092 2225 1124 2252 et
1152 2222 1259 2252 levata
1286 2221 1326 2252 ad
1351 2231 1462 2251 manus
1486 2223 1607 2250 vestras
1631 2219 1798 2249 restituere
1828 2222 1860 2249 ct

207 2272 386 2304 deliberare
410 2277 442 2304 et
466 2273 506 2304 de
531 2273 590 2304 hiis
614 2272 656 2304 ad
680 2273 810 2314 plenum
831 2273 1028 2312 satisfacere,
1052 2277 1086 2304 ut
1110 2276 1268 2311 tenentur,
1294 2273 1368 2303 fisco
1394 2274 1500 2302 nostro
1518 2269 1650 2311 proinde
1667 2268 1859 2310 applicanda

208 2328 240 2355 et
256 2324 457 2363 venermbili'»
483 2348 490 2355 .
509 2349 514 2354 .
532 2324 774 2366 archiepiscopo
791 2325 982 2356 Treverensi
1003 2325 1157 2366 predicto.
1181 2326 1230 2355 cui
1255 2325 1284 2354 in
1310 2324 1368 2354 hiis
1393 2327 1424 2353 et
1449 2321 1620 2353 maioribus
1645 2321 1859 2352 commisimus

207 2379 239 2406 et
263 2377 490 2407 committimus
514 2377 598 2407 vices
626 2380 765 2415 nostras,
798 2377 922 2418 integre
954 2387 1012 2417 per
1035 2387 1090 2407 vos
1119 2380 1226 2407 nostro
1256 2376 1383 2406 nomine
1414 2373 1606 2414 assignanda
1637 2376 1669 2403 et
1696 2372 1801 2403 eidem
1827 2397 1858 2403 ..

207 2427 450 2468 archiepiscopo
475 2427 515 2458 de
540 2427 599 2458 hiis
625 2430 657 2459 et
679 2428 760 2460 aliis.
786 2439 847 2470 que
872 2428 963 2459 vobis
986 2428 1180 2459 iniunximus
1203 2430 1259 2458 aut
1275 2426 1511 2458 committimus.
1537 2424 1645 2455 debite
1662 2422 1856 2464 respondere

209 2479 335 2510 curetis.
360 2479 445 2520 ipsos
461 2480 590 2520 insuper
614 2484 798 2521 receptores
822 2479 906 2510 dicte
931 2480 1086 2510 maletote
1111 2483 1143 2510 et
1167 2482 1406 2519 presumptores
1430 2476 1611 2507 huiusmodi
1636 2475 1856 2506 nichilominus

209 2531 299 2570 penis
323 2533 355 2561 et
378 2531 513 2562 mulctis.
538 2535 632 2571 prout.
656 2541 766 2561 eorum
791 2532 943 2562 meruerit
966 2531 1139 2571 protervia,
1165 2531 1308 2571 legitime
1333 2527 1504 2570 puniendo.

316 2582 396 2613 Item
421 2593 478 2623 pro
503 2586 594 2623 parte
620 2582 765 2613 eiusdem
782 2583 913 2624 capituli
938 2586 986 2613 est
1003 2581 1228 2623 conquerendo
1245 2581 1456 2615 subiunctum,
1482 2578 1567 2620 quod
1592 2578 1666 2609 licet
1683 2577 1857 2609 familiares

211 2636 244 2663 et
267 2634 441 2664 servientes
465 2633 599 2674 predicti
623 2634 753 2674 capituli
780 2645 838 2675 per
860 2634 1063 2675 privilegium
1092 2644 1149 2674 per
1173 2636 1279 2664 nostre
1304 2631 1484 2662 serenitatis
1509 2630 1715 2661 eminentiam
1740 2629 1852 2658 contii·-

313 2743 377 2770 691.
404 2746 427 2775 ²)
447 2747 558 2777 seqnitur
577 2747 661 2778 petitis
681 2747 729 2771 del.
751 2755 787 2771 or.
877 2746 900 2775 b)
922 2746 956 2770 εἰς
974 2754 1011 2769 ον,

1604 2790 1652 2816 53*
