2189 2984
335 154 394 180 242
802 144 895 170 ACTA
916 144 1026 170 REGNI
1050 144 1182 170 KAROL]
1204 144 1248 169 IV.
1288 145 1360 170 1347.
1397 144 1444 169 Nr.
1459 145 1515 170 1:37.

339 250 392 267 vos
423 237 471 266 vel
504 235 565 264 duo
599 239 652 263 aut
685 243 764 262 unus
788 235 925 261 vestrum
962 242 1018 271 per
1052 242 1107 261 vos
1144 231 1193 260 vel
1229 223 1326 260 alium
1357 242 1413 261 seu
1444 231 1523 261 alios
1552 232 1676 272 prefato
1710 230 1845 261 Gerlaco
1874 232 1977 262 arehi-

335 290 485 330 episcopo
516 297 610 326 snper
641 284 802 325 premissis
833 283 971 313 efficacis
996 282 1189 313 defensionis
1217 282 1355 322 presidio
1383 283 1567 312 assistentes
1591 282 1767 323 predictum
1794 283 1977 321 chricum‚

336 340 518 380 compliws,
543 338 684 367 fautores
708 338 740 365 et
763 334 954 365 adherentes
979 334 1083 364 eidem
1109 344 1144 363 ac
1170 336 1378 373 occupatores
1402 334 1481 364 alios
1511 338 1543 364 et
1567 334 1750 365 detentores
1775 345 1978 374 quoscunque

335 392 468 421 ecclesie
506 387 800 424 administrationis7
840 389 1097 416 ornamentorum
1133 388 1164 414 et
1195 384 1328 414 aliorum
1364 385 1592 425 predictorum,
1632 389 1667 415 ut
1702 385 1805 416 eidem
1842 385 1978 415 Gerlaco

335 442 591 482 archiepiscopo,
626 438 751 469 vicariis
780 441 811 467 et
840 437 1029 467 officialibus
1059 447 1095 466 ac
1126 435 1384 476 procuratoriluis
1415 437 1478 466 suis
1510 438 1577 467 eius
1606 438 1750 467 nomine⁰
1779 437 1978 477 corporalem

336 494 567 535 possessionem
599 495 630 521 et
659 491 746 531 quasi
776 490 874 529 ipsius
902 488 1035 518 ecclesie
1060 488 1245 527 Maguntine
1274 498 1310 517 ac
1346 487 1627 518 administrationis
1662 498 1783 518 necnon
1812 488 1977 528 opidorum

336 550 367 577 et
397 546 530 576 aliorum
563 542 778 584 predictorum
811 540 850 570 ad
881 541 965 580 ipsos
994 539 1165 569 Gerlaeum
1194 539 1467 579 archiepiscopum
1500 543 1531 569 et
1560 539 1727 570 ecclesiam
1760 540 1979 580 Maguntinam

335 597 544 638 spectantium
570 595 696 625 omnino
721 593 822 622 libere.
848 591 1018 627 traderent,
1050 591 1253 621 restituerent
1277 593 1309 620 et
1332 591 1362 620 in
1387 601 1465 630 pace
1490 591 1688 621 dimitterent
1710 591 1896 632 nullumque
1922 592 1980 622 im-

335 649 551 690 pedimentum
570 646 693 686 prefato
707 644 842 674 Ger-laco
868 643 1109 683 archiepiscopo
1134 646 1187 672 aut
1211 643 1278 672 eius
1296 642 1429 678 vicariis,
1455 643 1635 680 curialibus,
1659 643 1807 683 gentibus
1831 654 1886 673 scu
1906 654 1979 683 pro-

335 700 532 731 curatoribus
556 699 619 727 suis
644 707 699 737 per
723 706 756 725 se
780 695 830 725 vel
863 695 958 724 alium
983 705 1039 724 seu
1070 693 1165 731 alios„
1199 693 1319 724 directe
1349 694 1398 724 vel
1428 694 1596 730 indirecte,
1621 694 1746 735 publice
1774 695 1823 725 vel
1855 695 1978 725 occulte

336 754 515 793 prestarent
539 760 595 779 seu
619 749 781 784 inferrent7
807 746 974 786 quominus
998 747 1065 786 ipse
1083 744 1238 775 Gerlaeus
1262 745 1520 786 archiepiscopus
1545 756 1601 787 per
1625 756 1657 776 sc
1682 756 1718 776 ac
1742 746 1885 783 vicarios7
1911 747 1978 777 offi-

335 804 441 839 ciales,
473 802 606 832 curiales
636 804 667 829 et
697 801 918 839 procuratores
943 808 1015 827 suos
1047 798 1170 838 prefate
1204 797 1337 827 ecclesie
1362 796 1547 837 Maguntine
1576 808 1613 828 ac
1641 797 1922 828 aulministrationis
1946 801 1978 828 et

334 856 472 886 omnium
502 858 534 883 et
558 851 771 892 predictorum
797 849 896 879 libere
925 853 956 879 et
985 849 1077 889 plene
1102 850 1238 889 assequi,
1270 859 1421 879 exercere
1446 849 1568 879 valeret
1592 852 1623 879 et
1647 849 1777 889 pacifice
1802 849 1977 889 possidere,

335 917 456 938 necnon
474 904 685 939 scolasticuim
710 906 882 937 cantorem,
908 901 1138 930 thesaurarium
1165 904 1196 930 et
1213 900 1386 941 capitulum
1411 910 1447 930 ac
1472 901 1639 930 canonicos
1664 904 1696 930 et
1712 900 1888 940 singulares
1905 911 1976 941 per-

335 970 438 997 sonas,
463 956 627 993 vassallos,
651 954 796 984 homines
821 953 1030 989 fomlata1·i0s‚
1061 951 1172 982 fideles
1197 956 1228 982 et
1253 951 1395 982 subditos
1424 952 1548 992 prefate
1578 952 1713 982 ecclesie
1737 951 1922 993 Maguntine
1947 955 1980 982 et

334 1011 460 1051 quosvis
484 1008 563 1038 alios
586 1007 717 1037 clericos
742 1009 773 1035 et
803 1005 909 1038 laicos,
939 1005 1152 1044 cuiuscunque
1187 1004 1396 1034 condictionis
1425 1004 1613 1041 existerent„
1650 1014 1783 1044 quorum
1812 1004 1980 1035 interesset

335 1073 390 1093 seu
414 1062 567 1091 interesse
585 1061 693 1098 posset
710 1057 920 1087 communiter
943 1056 993 1086 vel
1012 1056 1146 1091 divisim,
1172 1056 1269 1085 etiam
1293 1056 1318 1085 si
1343 1055 1517 1096 episcopali
1542 1055 1593 1085 vel
1617 1055 1679 1085 alia
1703 1055 1858 1095 dignitate
1883 1065 1977 1096 supe-

333 1114 407 1145 riori
424 1112 473 1142 vel
491 1110 631 1141 inferiori
650 1108 877 1149 prefulgerent,
903 1107 941 1137 de
960 1107 1072 1148 quibus
1090 1107 1243 1147 expedire
1260 1107 1411 1142 videritis,
1436 1110 1469 1137 ut
1486 1106 1566 1136 infra
1584 1110 1703 1137 certum
1728 1108 1978 1147 peremptorium

334 1165 503 1195 terminum
537 1164 788 1201 competentem7
822 1170 915 1200 quem
950 1160 994 1188 eis
1026 1163 1057 1189 et
1086 1169 1193 1189 eorum
1223 1159 1353 1199 singulis
1386 1159 1587 1199 prefigeritis„
1621 1158 1660 1188 ab
1695 1158 1878 1189 obedientia
1903 1158 1978 1189 dieti

335 1216 464 1247 Henrici
496 1214 622 1244 omnino
652 1212 843 1242 desisterent
871 1221 927 1241 nec
960 1211 987 1240 ei
1022 1210 1172 1250 deinceps
1197 1220 1251 1240 seu
1283 1210 1375 1240 alicui
1406 1211 1472 1240 eius
1502 1210 1628 1240 nomine
1663 1213 1811 1250 pretextu
1846 1210 1978 1240 alicuius

335 1267 473 1307 homagii
507 1276 562 1295 seu
595 1263 765 1294 iuramenti
795 1262 957 1292 fidelitatis
986 1262 1044 1291 sibi
1079 1272 1134 1302 per
1166 1263 1251 1302 ipsos
1274 1261 1325 1292 vel
1353 1272 1462 1292 eorum
1494 1261 1631 1301 aliquem
1662 1262 1784 1291 ratione
1817 1272 1921 1292 rerum
1946 1265 1978 1292 et

333 1321 487 1351 bonorum
502 1315 710 1357 spiritualium
730 1318 761 1344 et
774 1315 997 1354 temporalium
1015 1314 1055 1344 ad
1069 1314 1342 1354 archiepisc‹1›pum
1356 1313 1576 1354 Maguntinum
1590 1313 1641 1353 qui
1656 1316 1703 1342 est
1718 1324 1773 1353 pro
1787 1316 1930 1353 tempore
1946 1317 1978 1344 et

333 1371 501 1402 ecclesiam
517 1367 734 1408 Maguntinam
752 1366 963 1406 spectantium
983 1366 1105 1405 prestiti
1124 1365 1271 1401 consiliis,
1293 1365 1418 1395 auxiliis
1439 1365 1489 1395 vel
1507 1364 1668 1394 favoribus
1682 1364 1875 1404 quibuslibet
1889 1364 1976 1395 save-

335 1426 402 1454 rent
419 1419 659 1462 quomod«›libet
675 1418 724 1448 vel
742 1418 935 1452 assisterent,
960 1417 1014 1447 sed
1037 1416 1141 1446 eidem
1161 1416 1297 1447 Gerlaco
1321 1420 1356 1446 ut
1379 1426 1453 1446 vero
1478 1415 1718 1456 archiepiscopo
1735 1415 1922 1456 Maguntino
1939 1426 1976 1446 ae

333 1474 467 1511 vicariis,
492 1470 690 1507 officialil‘ius,
715 1469 894 1505 curialibus,
920 1468 1179 1508 procuratoribus
1203 1471 1235 1498 et
1258 1467 1406 1508 gentibus
1431 1467 1559 1498 Gerlaci
1587 1467 1818 1508 archiepiscopi
1842 1468 1977 1508 predicti

335 1528 402 1558 cius
427 1525 551 1555 nomine
577 1525 756 1563 prestarent
785 1525 816 1551 et
845 1520 1033 1551 exhiberent
1064 1519 1280 1550 obedientiam
1306 1524 1338 1549 et
1362 1520 1572 1549 reverentiam
1602 1519 1743 1549 debitam
1773 1522 1804 1549 et
1827 1519 1976 1549 devotam

334 1584 366 1609 et
389 1578 451 1608 alia
475 1575 602 1606 servitia
627 1576 792 1606 consuet&
817 1572 1005 1602 anchin-itate
1029 1572 1204 1612 ap‹e›stoliea
1228 1572 1398 1601 moneretis
1422 1574 1454 1601 et
1478 1582 1517 1601 ex
1541 1575 1631 1611 parte
1656 1574 1762 1600 nostra
1787 1571 1882 1601 etiam
1908 1571 1976 1600 effi-

332 1631 449 1660 caciter
478 1626 682 1659 induem-etis
715 1624 798 1664 quod
823 1624 847 1653 si
873 1624 952 1653 forte
978 1623 1202 1653 monitionibus
1227 1623 1337 1653 vestris
1362 1622 1539 1652 huiusmodi
1566 1633 1677 1662 parere
1703 1626 1975 1662 contempnerenn

333 1693 442 1713 omnes
459 1684 490 1710 et
507 1678 646 1718 singulos
662 1676 832 1716 predictos„
858 1677 909 1715 qui
928 1675 1089 1705 monitioni
1108 1678 1139 1705 et
1156 1675 1352 1715 requisitioni
1369 1674 1549 1704 huiusmodi
1567 1685 1678 1714 parere
1704 1677 1975 1714 contmnpnerent,

333 1744 411 1775 quos
436 1735 550 1762 extunc
568 1738 719 1770 personas
745 1727 891 1757 videlicet
915 1727 1091 1767 singulares
1109 1737 1215 1756 eorum
1239 1726 1586 1761 exeonummicatiouisq
1612 1725 1783 1765 capitulum
1809 1736 1883 1756 vero
1908 1737 1974 1755 sus-

334 1784 495 1826 pensionis
520 1786 551 1811 et
580 1780 747 1810 ecclesiam
778 1779 952 1819 predictam
978 1779 1197 1818 Maguntinam
1227 1788 1262 1807 ac
1292 1781 1392 1807 terras
1421 1780 1452 1807 et
1481 1777 1547 1807 loca
1579 1788 1838 1818 ‹pioruncumijpie
1864 1778 1891 1807 in
1917 1778 1975 1808 hae

335 1840 423 1877 parte
449 1835 532 1864 dicto
558 1832 696 1862 Henrico
727 1830 966 1871 (plomodolilwt
995 1829 1215 1860 adherentium
1245 1840 1299 1858 seu
1331 1829 1503 1859 fawntium
1532 1829 1695 1858 subiacere
1721 1829 1879 1859 interdicti
1904 1839 1974 1859 sen-

291 1907 296 1914 .
333 1888 439 1919 tentiis
456 1886 611 1916 voluimus
629 1885 696 1923 ipso
714 1883 808 1919 facto,
833 1882 1124 1912 exe(›mmunieatos
1142 1886 1173 1911 et
1190 1891 1357 1921 suspensos
1381 1891 1502 1910 necnon
1528 1881 1705 1917 ecclesiam,
1731 1883 1829 1910 terras
1855 1884 1885 1910 et
1907 1880 1975 1911 loca

333 1939 475 1981 predicta
499 1936 620 1966 eisdem
645 1935 734 1975 penis
760 1938 791 1963 et
816 1934 979 1963 s‹;=ntentiis
1007 1933 1170 1963 subiacere
1196 1934 1224 1962 in
1251 1932 1385 1962 eeclesia
1410 1936 1441 1962 et
1466 1932 1541 1961 locis
1566 1932 1738 1961 earundem
1765 1933 1909 1971 partium,
1935 1932 1974 1962 de

333 1991 444 2032 quibus
462 1988 549 2018 vobis
566 1987 736 2017 videretur.
762 1985 902 2015 candelis
919 1985 1059 2014 accensis
1084 1990 1115 2014 et
1132 1984 1293 2024 eampauis
1311 1984 1442 2023 pulsatis
1460 1984 1644 2014 nuntiaretis
1669 1983 1804 2023 publice,
1829 1985 1974 2014 invocato

332 2043 370 2073 ad
411 2041 578 2083 premissa,
617 2040 641 2068 si
681 2048 760 2078 opus
792 2038 960 2067 existeret.
1000 2037 1116 2066 auxilio
1153 2036 1271 2065 brachii
1301 2036 1466 2070 secularis,
1502 2035 1751 2065 conti·a(li(·t‹tu·es
1785 2036 1974 2066 aucun-itate

335 2097 441 2125 nostra
458 2091 674 2133 appellatione
693 2088 867 2129 postposita
885 2088 1127 2127 compescendo,
1149 2091 1241 2127 prout
1258 2088 1288 2117 in
1306 2087 1454 2127 predictis
1471 2087 1585 2117 nostris
1602 2086 1690 2116 vobis
1714 2087 1841 2116 directis
1862 2087 1975 2117 litteris

335 2146 457 2186 plenius
481 2143 668 2179 continetur7
753 2144 858 2170 tamen
883 2139 1024 2179 prefatus
1048 2139 1204 2169 llenricus
1228 2149 1264 2169 ac
1288 2138 1429 2169 nonnulli
1453 2138 1563 2168 salutis
1587 2138 1713 2179 proprie
1738 2142 1974 2178 contemptores

334 2209 366 2226 se
391 2195 563 2236 capitulum
590 2192 732 2223 eiusdem
758 2192 891 2221 ecclesie
917 2192 1116 2220 nominantes
1141 2201 1249 2221 eorum
1275 2190 1452 2220 nominibus
1476 2201 1536 2220 non
1562 2191 1719 2230 expressis
1744 2189 1859 2220 nedum
1885 2201 1972 2220 man-

333 2249 439 2278 datum
466 2253 604 2276 nostrum
630 2243 809 2274 huiusmodi
835 2242 1082 2282 dampnabiliter
1102 2246 1368 2282 contempnentes
1392 2241 1448 2272 sed
1480 2243 1575 2272 etiam
1601 2242 1742 2272 volentes
1766 2241 1835 2281 plus
1859 2251 1973 2282 sapere

333 2310 426 2340 quam
445 2301 570 2338 oportet
589 2307 753 2337 processus
776 2298 899 2325 nostros
923 2294 1075 2324 adversus
1099 2294 1200 2334 ipsum
1220 2294 1391 2324 Henricum
1415 2293 1454 2323 de
1486 2294 1615 2323 fratrum
1641 2297 1818 2323 nostrorum
1844 2293 1975 2323 consilio

333 2353 389 2381 rite
415 2361 450 2380 ae
476 2349 625 2379 canonice
651 2347 868 2388 promulgatos
892 2356 999 2376 eorum
1026 2350 1188 2375 crescente
1221 2346 1348 2375 vesania
1378 2346 1551 2385 corrigere,
1582 2355 1653 2384 ymo
1683 2345 1785 2375 verius
1810 2344 1974 2374 annullare

334 2403 472 2432 totaliter
490 2401 660 2430 mndiuntur
684 2402 715 2429 et
732 2405 975 2438 prorumpentes
992 2397 1031 2427 ad
1051 2397 1155 2432 verba,
1182 2397 1294 2437 quibus
1312 2397 1368 2426 sub
1385 2396 1610 2437 appellationis
1628 2396 1794 2426 temerarie
1819 2395 1974 2426 vocabulo

333 2454 437 2483 velare
463 2464 533 2482 suas
560 2451 720 2491 nespiicias
737 2449 926 2481 nitebantur,
953 2449 1109 2478 nonnullis
1127 2449 1213 2478 falsis
1231 2452 1262 2478 et
1285 2449 1407 2478 notorie
1425 2447 1543 2477 frivolis
1561 2448 1663 2477 causis
1681 2448 1839 2488 expressis
1864 2458 1972 2478 eorum

333 2505 445 2535 tinibus
476 2515 534 2533 non
566 2503 719 2534 contenti.
752 2502 824 2530 dum
856 2500 913 2529 sub
945 2500 1139 2540 propritwum
1173 2510 1358 2529 excessuum
1394 2499 1542 2529 oneribus
1571 2499 1741 2536 lubricant,r
1771 2499 1890 2529 alienas
1914 2498 1971 2528 sibi

335 2557 472 2586 sarcinas
497 2565 657 2584 assumere
684 2564 743 2582 uon
769 2551 938 2582 formidant
963 2552 992 2580 in
1017 2551 1190 2590 apostolice
1216 2550 1300 2580 sedis
1325 2554 1554 2591 contemptum2
1586 2550 1712 2581 Gerlaci
1742 2550 1972 2590 archiepiscopi

332 2615 362 2637 et
388 2607 522 2637 eeclesie
548 2605 759 2646 predictorum
785 2614 881 2644 grave
905 2602 1128 2643 proiudicium„
1160 2603 1335 2632 animarum
1360 2613 1485 2632 suarum
1511 2601 1709 2642 dispendium
1735 2606 1765 2631 et
1789 2601 1972 2631 scandalum

333 2660 550 2699 plurimorum.
603 2656 668 2686 Nos
697 2656 803 2696 igitur‚
836 2655 886 2695 qui
917 2654 1111 2683 sataliam-uni
1147 2653 1405 2693 tranquillitatem
1447 2655 1607 2694 querimus
1638 2659 1668 2683 et
1701 2653 1904 2683 ecelesiarum
1937 2662 1972 2682 ac

438 2769 497 2795 Ιῦἷ.
527 2774 548 2799 C)
569 2770 592 2792 in
613 2768 674 2791 add.
695 2767 752 2791 ΗΓ.

2000 706 2025 723 10

2000 964 2024 982 15

1997 1222 2022 1241 20

1996 1480 2021 1498 25

1995 1738 2020 1756 30

1994 1994 2018 2012 35

1991 2251 2018 2269 40

1991 2507 2015 2525 45
