2189 2984
341 174 381 200 ,ις
818 166 913 192 ACTA
933 165 1047 192 REGNI
1068 165 1203 191 KAROLI
1221 164 1266 190 IV.
1305 164 1378 190 1346.
1416 164 1462 189 Nr.
1475 164 1516 189 26.

340 255 517 285 hereticum
542 257 654 294 reputo
679 260 711 283 et
735 253 873 283 heresim
898 252 1103 292 dampnatam
1128 262 1186 291 per
1210 251 1378 281 ecclesiam
1403 249 1627 290 supradictam.
1674 249 1809 289 Insuper
1825 248 1865 279 ad
1883 252 1991 279 sancta

341 306 403 336 Dei
428 305 595 346 euangelia
620 306 697 338 iuro,
723 304 807 345 quod
832 304 923 334 stabo
948 306 979 333 et
1003 303 1124 343 parebo
1149 302 1306 332 mandatis
1331 301 1466 331 ecclesie
1491 304 1523 331 et
1540 300 1659 330 domini
1682 300 1778 330 nostri
1796 310 1879 340 pape
1897 310 1992 340 super

342 357 437 387 illatis
465 357 599 387 iniuriis.
635 356 856 391 contumaciis„
886 354 1128 392 rebellionibus7
1162 353 1306 383 fautoriis
1337 355 1368 382 et
1396 351 1466 381 aliis
1494 351 1648 392 implicite
1677 351 1727 381 vel
1757 351 1909 391 explicite
1934 361 1992 391 per

342 419 392 438 me
418 408 605 438 confessatis
635 410 666 436 et
694 417 755 436 non
781 406 968 436 confessatis
997 416 1032 435 ac
1061 405 1176 434 ceteris
1200 404 1305 444 penis7
1335 413 1413 443 quas
1441 403 1555 433 incurri
1585 402 1624 432 ab
1649 402 1778 432 homine
1806 402 1858 432 vel
1882 412 1900 432 a
1924 403 1992 433 iure

342 463 473 500 propter
497 459 651 499 premissa
669 461 700 487 et
722 468 757 487 ea
777 457 951 497 tangentia,
978 460 1009 486 et
1026 455 1110 496 quod
1129 455 1257 485 domino
1276 465 1358 495 pape
1385 455 1437 494 qui
1455 465 1535 484 nunc
1554 458 1602 484 est
1626 458 1657 484 et
1674 454 1742 484 eius
1758 454 1992 484 successoribus

342 511 493 540 canonice
522 508 711 539 intrantibus
740 508 843 538 fidelis
873 518 927 538 ero
961 507 1000 537 de
1025 511 1132 537 cetero
1163 507 1272 546 eisque
1303 506 1442 535 debitam
1468 506 1684 536 reverenciam
1715 510 1747 536 et
1775 505 1992 535 obedientiam

342 561 517 597 exhibebo„
551 571 608 590 nec
638 570 707 589 cum
739 559 865 599 prefato
895 558 1056 588 Imdovico
1086 557 1126 587 de
1151 557 1302 595 Bar-aria,
1337 556 1489 597 quamdiu
1518 556 1614 586 stabit
1644 557 1675 586 in
1703 555 1877 586 rebellione
1909 555 1992 586 dicte

341 613 476 643 ecclesie.
502 622 557 642 seu
582 611 651 641 aliis
675 611 824 641 hereticis
849 614 881 640 et
904 610 1090 639 scismaticis
1115 612 1169 638 aut
1193 619 1263 638 cum
1286 618 1394 638 eorum
1418 607 1594 638 seeassibus
1615 618 1672 648 per
1689 607 1805 638 dictam
1824 607 1993 637 ecclesiam

343 664 501 694 denotatis
526 663 678 702 deinceps
701 672 755 692 ero
784 672 841 692 nec
871 662 915 691 eis
939 671 994 691 seu
1020 660 1259 700 quibuscunque
1283 659 1354 689 aliis
1378 659 1462 689 (labo
1487 662 1596 689 contra
1619 658 1799 689 Romanam
1824 659 1992 689 ecclesiam

343 715 520 751 concilium,
546 714 698 744 auxilium
717 713 765 743 vel
791 713 943 745 favorem,
969 712 1088 741 directe
1113 711 1162 741 vel
1188 710 1352 747 indirecte,
1379 710 1504 750 publice
1523 711 1572 741 vel
1597 710 1730 749 occulte,
1748 710 1898 751 quodque
1915 711 1994 741 nulli

342 772 376 795 ut
393 766 576 805 impcratmi
595 765 743 795 obediam
761 775 818 795 nec
837 763 1011 801 adherebo7
1037 763 1094 792 nisi
1112 762 1165 792 ille
1184 763 1328 802 primitus
1346 762 1442 792 fuerit
1458 772 1516 802 per
1531 766 1672 792 sanctam
1692 762 1870 792 Romanam
1889 763 1993 793 eccle-

343 818 421 846 siam
451 816 660 856 approbatus,
691 826 749 846 nec
780 816 876 845 ctiam
910 825 979 844 cum
1008 813 1172 854 sepedicto
1202 813 1366 844 Ludovico
1399 817 1454 844 aut
1483 823 1684 854 quocumque
1716 813 1778 843 alio
1807 814 1837 843 in
1868 813 1993 853 prefate

343 868 477 897 ecclesie
502 867 669 898 rebellioni
694 867 841 897 existenti
867 869 976 895 contra
1000 876 1070 895 eam
1095 865 1331 905 alligacione1n,
1356 865 1629 905 conspiracionem
1655 864 1770 894 faciam
1795 865 1860 895 sive
1885 865 1992 905 ligam.

452 948 521 983 Qua
546 947 658 978 cedula
682 947 916 988 parti‹;·ulariter
941 950 972 976 et
997 946 1143 976 distincte
1169 947 1252 976 lecta
1277 950 1309 976 et
1333 947 1509 976 contentisb
1526 947 1557 976 in
1583 957 1621 977 ea.
1645 946 1792 977 distincte
1816 947 1846 976 in
1871 946 1993 987 vulgari

344 1000 526 1029 theutonico
558 999 682 1038 prefato
713 999 841 1029 domino
871 999 978 1027 comiti
1010 1008 1066 1038 per
1094 998 1310 1028 venerabilem
1341 1002 1465 1038 patrem
1495 997 1659 1028 dominum
1689 997 1860 1029 Gerlacum
1890 998 1992 1028 archi-

343 1052 528 1091 episcopum
554 1050 790 1089 Maguntinuim
827 1050 878 1089 qui
909 1049 1002 1079 datus
1038 1049 1096 1079 fuit
1125 1049 1229 1079 cidem
1266 1049 1394 1079 domino
1425 1050 1531 1080 comiti
1561 1051 1716 1090 interpres
1744 1060 1802 1090 per
1831 1049 1994 1080 dominum

343 1107 485 1132 nostrum
503 1108 647 1142 papatus,
674 1105 705 1131 ct
727 1112 783 1141 per
799 1102 900 1141 ipsum
919 1100 1081 1130 danninum
1100 1102 1250 1131 comitem
1267 1101 1449 1139 intellectis,
1474 1102 1541 1141 ipsc
1560 1101 1707 1131 dominus
1724 1112 1831 1131 comes
1849 1100 1995 1131 omnibus

345 1153 551 1193 infrascriptis
575 1154 757 1184 concensiit.
783 1156 873 1192 prout
898 1152 981 1182 idem
1007 1152 1152 1182 dominus
1176 1152 1436 1193 archiepiscopus
1460 1152 1578 1183 ibidem
1604 1153 1712 1183 retulit
1735 1153 1839 1183 eidem
1866 1152 1994 1182 domino

346 1210 452 1234 nostro
478 1215 570 1244 pape,
597 1214 698 1244 caque
718 1203 861 1244 prefatus
878 1203 1025 1233 dominus
1049 1214 1156 1233 comes
1181 1204 1272 1234 flexis
1289 1204 1423 1244 genibus
1442 1205 1581 1234 existens
1598 1214 1705 1234 coram
1724 1204 1847 1244 prefato
1866 1204 1994 1234 domino

345 1260 451 1285 nostro
477 1266 560 1295 papa
584 1256 698 1284 iuravit
725 1255 764 1284 ad
790 1259 898 1284 sancta
923 1255 982 1285 Dei
1010 1256 1179 1295 euangelia
1204 1255 1412 1296 corporaliter
1436 1259 1520 1286 tacto
1544 1256 1636 1294 libro7
1661 1259 1694 1286 ut
1718 1256 1874 1296 sequitur:

454 1307 561 1336 Primo
595 1307 756 1336 confessus
789 1307 844 1336 fuit
875 1317 907 1336 se
938 1308 1076 1336 tenuisse
1111 1311 1141 1337 et
1172 1311 1280 1337 tencre
1306 1307 1400 1337 fidem
1426 1307 1631 1345 catlmlicam,
1661 1307 1792 1337 credere
1818 1310 1850 1337 et
1874 1311 1994 1345 tenere,

346 1358 429 1398 quod
455 1358 565 1392 credit,
591 1362 676 1387 tenet
706 1364 737 1387 ct
761 1358 855 1387 ‹lfflwt
879 1362 985 1387 sancta
1012 1363 1114 1388 mater
1139 1358 1292 1398 ecclesia,
1324 1358 1497 1389 credidisse
1524 1362 1554 1389 et
1579 1359 1682 1389 adhuc
1705 1359 1838 1389 firmiter
1862 1358 1994 1394 creditd,

346 1409 431 1449 quod
460 1420 520 1438 non
555 1412 678 1448 spectat
708 1409 748 1438 ad
778 1410 1005 1449 imperatorem
1038 1420 1154 1450 papam
1186 1420 1242 1440 seu
1266 1421 1423 1440 summum
1448 1410 1630 1450 pontificem
1656 1410 1817 1450 deponere
1842 1413 1874 1440 et
1898 1410 1995 1440 alium

346 1461 465 1498 eligere
499 1460 548 1489 vel
578 1470 700 1496 creare„
737 1464 785 1490 set
813 1461 872 1490 hoc
898 1461 1074 1491 hereticum
1111 1466 1237 1502 reputat
1267 1466 1298 1492 et
1327 1462 1463 1492 heresim
1500 1462 1706 1502 dampnatam
1739 1472 1796 1502 per
1826 1461 1995 1492 ecclesiam

346 1511 569 1551 supradictam.
620 1511 697 1541 ltem
727 1512 841 1542 iuravit
869 1512 908 1541 ad
934 1515 1040 1542 sancta
1072 1512 1132 1542 Dei
1163 1513 1346 1553 euangelia7
1384 1513 1468 1553 quod
1498 1513 1593 1543 stabit
1624 1518 1655 1543 et
1684 1513 1809 1553 parebit
1836 1513 1995 1543 mandatis

346 1562 465 1591 ‹lmnini
494 1563 589 1592 nostri
623 1574 705 1602 pape
735 1573 829 1603 super
858 1563 953 1593 illatis
984 1564 1118 1597 iniuriis,
1155 1565 1375 1597 contumacus.
1412 1564 1655 1603 rebellionibus,
1691 1564 1835 1595 fautoriis
1865 1569 1897 1595 et
1926 1565 1995 1594 aliis

346 1614 496 1653 implicite
522 1613 571 1643 vel
601 1614 750 1653 explicite
782 1613 968 1644 confessatis
1003 1619 1033 1644 et
1062 1626 1123 1645 non
1153 1616 1339 1646 ‹3·onfessatis
1364 1626 1400 1645 ac
1426 1617 1540 1646 ceteris
1565 1617 1668 1656 penisq
1701 1627 1778 1656 quas
1802 1616 1932 1646 incurrit
1955 1615 1994 1646 ab

345 1665 471 1694 homine
498 1665 543 1694 vel
575 1676 592 1694 a
622 1666 687 1694 iure
717 1669 847 1705 propter
871 1667 1023 1705 premissa
1051 1672 1082 1696 ct
1107 1678 1145 1696 ea
1169 1668 1352 1707 tangencia⁷
1379 1672 1410 1697 et
1435 1667 1518 1708 quod
1544 1667 1672 1697 domino
1697 1672 1804 1697 nostro
1829 1678 1912 1707 pape
1942 1668 1994 1707 qui

347 1727 425 1745 nunc
451 1720 498 1745 est
523 1723 553 1745 et
578 1717 644 1745 cius
668 1716 901 1746 successtnibus
925 1718 1076 1747 canonice
1102 1718 1290 1748 intrantibus
1314 1718 1416 1748 tidelis
1441 1720 1501 1748 erit
1525 1719 1563 1749 de
1589 1722 1695 1749 cetero
1719 1720 1827 1759 cisque
1853 1718 1993 1749 debitam

346 1767 555 1797 reverentiam
586 1771 616 1797 et
642 1767 858 1797 ‹ibrilit—iitiain
889 1769 1056 1799 exhibebit
1085 1774 1118 1799 ut
1147 1771 1321 1814 catholicus
1350 1771 1553 1802 christianus.
1586 1781 1644 1800 nec
1673 1781 1742 1801 cum
1768 1771 1930 1801 Ludovico
1956 1770 1994 1801 de

360 1819 496 1851 {avaria
529 1819 678 1858 quamdiu
708 1819 805 1849 stabit.
836 1821 865 1849 in
894 1820 1068 1851 rebellione
1094 1822 1176 1852 dicte
1203 1822 1354 1859 ecclesie,
1387 1834 1441 1852 seu
1471 1823 1539 1852 aliis
1568 1822 1717 1852 hereticis
1750 1825 1782 1852 et
1811 1823 1996 1852 scismaticis

346 1873 400 1899 aut
428 1880 497 1899 cum
531 1881 639 1899 eorum
669 1871 858 1911 sequacibus
888 1882 944 1911 per
973 1872 1089 1902 dictam
1120 1874 1289 1903 ecclesiam
1322 1873 1480 1903 denotatis
1513 1873 1664 1914 deinceps
1695 1874 1754 1903 erit
1788 1884 1845 1903 nec
1870 1874 1916 1904 eis
1940 1884 1996 1903 seu

303 1916 309 1922 ⁰
347 1921 586 1961 ‹piibuscunque
616 1922 685 1951 aliis
715 1922 803 1952 dabit
832 1929 941 1952 eontra
967 1924 1145 1954 Romanam
1171 1925 1340 1955 ecclesiam
1366 1925 1548 1962 concilium,
1581 1925 1734 1955 auxilium
1763 1925 1813 1955 vcl
1842 1925 1995 1961 favorem,

347 1972 466 2002 directe
496 1972 543 2002 vel
580 1973 747 2005 iu‹lirect‹2¹.
784 1974 910 2013 publice
941 1975 988 2005 rel
1026 1976 1163 2009 occulte,
1200 1976 1349 2016 quodque
1380 1977 1456 2006 nulli
1492 1980 1527 2006 ut
1559 1977 1743 2017 imperatori
1772 1977 1903 2007 obediet
1938 1987 1995 2006 nec

346 2023 527 2059 adherebit‚
564 2025 619 2053 nisi
650 2025 702 2054 ille
732 2026 875 2065 primitus
904 2025 998 2056 fuerit
1030 2038 1085 2066 per
1113 2031 1254 2057 sanctam
1284 2028 1463 2058 Romanam
1497 2028 1664 2059 ecclesiam
1695 2028 1906 2068 approbatus‚
1938 2038 1995 2058 nec

348 2075 444 2103 ctiam
469 2086 538 2104 cum
563 2075 727 2115 sepedicto
745 2077 907 2107 liudovico
933 2085 987 2107 aut
1012 2089 1213 2120 quocumque
1231 2079 1293 2109 alio
1312 2081 1341 2109 in
1359 2081 1483 2120 prefate
1503 2080 1637 2110 ecclesie
1656 2079 1829 2109 rebellione
1848 2080 1996 2109 existenti

348 2130 454 2155 contra
481 2136 550 2155 eam
577 2126 815 2167 obligationem.
841 2130 1114 2168 conspiracionem
1139 2130 1235 2160 faciet
1259 2133 1324 2161 sive
1350 2131 1457 2170 ligam.

456 2177 577 2211 Quibus
608 2179 650 2207 sie
681 2182 713 2207 ut
742 2180 921 2218 promititur
959 2181 1036 2210 actis
1065 2181 1211 2212 dominus
1242 2186 1349 2212 noster
1377 2194 1461 2223 papa
1490 2182 1627 2213 eundem
1657 2182 1806 2212 comitem
1836 2181 1997 2211 humiliter

351 2231 510 2266 petentem
549 2233 578 2257 et
614 2230 860 2269 supplicantem‚
897 2235 990 2271 prout
1018 2233 1174 2272 apat-ebat
1202 2245 1259 2273 per
1288 2234 1378 2273 signa
1409 2237 1441 2263 et
1470 2244 1526 2273 per
1554 2233 1743 2263 relationem
1772 2233 1848 2262 dicti
1876 2232 1996 2262 domini

349 2279 578 2318 archiepiscopi
604 2281 840 2320 interpretantis
862 2282 1037 2322 vulgariter
1061 2284 1145 2314 dicta
1171 2285 1290 2314 domini
1315 2285 1448 2320 comitis,
1474 2284 1610 2314 absolvit
1634 2295 1651 2314 a
1676 2284 1840 2314 sententiis
1866 2293 1994 2313 excom-

350 2330 583 2360 municationis.
615 2331 728 2371 quibus
754 2337 822 2362 erait
851 2333 967 2373 ligatus
996 2339 1027 2364 et
1056 2346 1134 2375 quas
1163 2337 1339 2366 incurrerat
1366 2340 1498 2376 propter
1526 2335 1733 2365 adhesionem
1763 2339 1793 2365 et
1825 2335 1994 2364 fautoriam

350 2381 424 2410 dicti
450 2381 602 2411 Ludoriei
628 2382 666 2410 de
692 2382 838 2415 Bavaria.
864 2388 895 2414 et
919 2386 1020 2424 ipsum
1047 2387 1184 2416 restituit
1201 2388 1408 2417 sacramentis
1426 2387 1571 2421 ecclesie,
1597 2390 1721 2417 retenta
1739 2385 1796 2415 sibi
1814 2386 1996 2425 penitencia

350 2431 452 2460 eidem
473 2431 601 2461 domiuo
620 2434 725 2462 comiti
745 2445 801 2473 per
819 2436 919 2475 ipsum
938 2436 1099 2466 dominum
1119 2442 1258 2467 nostrum
1275 2448 1392 2478 papam
1411 2437 1613 2478 imponenda.
1653 2437 1702 2467 De
1719 2437 1833 2477 quibus
1851 2436 1996 2467 omnibus

351 2488 381 2511 et
405 2483 535 2521 singulis
565 2483 646 2513 idem
679 2484 823 2514 dominus
854 2492 961 2516 noster
991 2498 1073 2527 papa
1104 2489 1266 2518 mandavit
1297 2489 1388 2519 uobis
1417 2489 1600 2529 subscriptis
1628 2489 1773 2525 notariis!
1802 2492 1835 2518 ut
1860 2487 1898 2517 de
1924 2498 1994 2527 pre-

350 2533 441 2563 dIctis
466 2533 619 2563 faciemus
644 2545 750 2566 unum.
776 2536 838 2566 duo
863 2543 918 2567 aut
942 2537 1029 2577 plura
1057 2539 1183 2578 publica
1207 2541 1425 2570 instrumenta.

457 2584 537 2614 Acta
563 2586 689 2615 fuerunt
714 2587 772 2616 hec
797 2598 892 2623 (11111ι),
923 2589 1109 2622 indictione,
1143 2592 1343 2630 pontiticatm
1374 2591 1425 2621 die
1451 2594 1483 2621 et
1507 2591 1576 2621 loco
1600 2590 1765 2631 predictis‚
1796 2589 1996 2630 presentibus

351 2635 486 2664 dominis
522 2636 734 2667 cardinalibus
771 2639 921 2678 predictis
956 2651 1077 2670 necnon
1112 2642 1286 2672 venerabili
1322 2646 1413 2682 patre
1449 2643 1578 2672 domino
1607 2642 1766 2672 Gasberto
1796 2641 1996 2672 Narbonensi

351 2687 601 2727 a1·cl1i‹·pis‹j=‹›po.
628 2688 745 2718 domiui
766 2700 846 2729 pape
865 2693 1051 2723 camerario,
1076 2693 1245 2733 magnifico
1265 2696 1296 2723 et
1312 2695 1435 2734 potenti
1454 2695 1519 2724 viro
1538 2694 1665 2723 domino
1680 2692 1795 2723 Cat-olo
1813 2692 1996 2722 marchione

455 2768 499 2793 26.
531 2769 553 2799 Ι-’)
574 2774 692 2793 contenta
714 2781 732 2793 ι’.
823 2776 843 2801 ι’)
864 2773 984 2803 expositis
1003 2774 1041 2795 *rel
1059 2773 1139 2797 ‘simle
1159 2774 1257 2804 aliquid
1276 2775 1452 2806 supplendum.
1543 2773 1566 2805 d)
1587 2775 1621 2798 sic
1640 2784 1659 2799 c.

2013 717 2037 736 10

2014 1007 2036 1025 15

2015 1522 2039 1540 25

2016 1780 2040 1797 :30

2016 2036 2039 2054 35

2015 2292 2040 2309 40

2015 2546 2040 2568 ΑΓ)
