<?xml version="1.0" encoding="UTF-8"?>
<!DOCTYPE html PUBLIC "-//W3C//DTD XHTML 1.0 Transitional//EN"
    "http://www.w3.org/TR/xhtml1/DTD/xhtml1-transitional.dtd">
<html xmlns="http://www.w3.org/1999/xhtml" xml:lang="en" lang="en">
 <head>
  <title>
</title>
<meta http-equiv="Content-Type" content="text/html;charset=utf-8" />
  <meta name='ocr-system' content='tesseract 3.04.00' />
  <meta name='ocr-capabilities' content='ocr_page ocr_carea ocr_par ocr_line ocrx_word'/>
</head>
<body>
  <div class='ocr_page' id='page_1' title='image "./monumentagermani08geseuoft/monumentagermani08geseuoft_0268.png"; bbox 0 0 2189 2984; ppageno 0'>
   <div class='ocr_carea' id='block_1_1' title="bbox 153 771 290 789">
    <p class='ocr_par' dir='ltr' id='par_1_1' title="bbox 153 771 290 789">
     <span class='ocr_line' id='line_1_1' title="bbox 153 771 290 789; baseline -0.015 -1"><span class='ocrx_word' id='word_1_1' title='bbox 153 772 213 789; x_wconf 57' lang='lat'>11129.</span> <span class='ocrx_word' id='word_1_2' title='bbox 223 771 290 788; x_wconf 53' lang='grc'><strong>91911</strong></span> 
     </span>
    </p>
   </div>
   <div class='ocr_carea' id='block_1_2' title="bbox 772 137 1490 166">
    <p class='ocr_par' dir='ltr' id='par_1_2' title="bbox 772 137 1490 166">
     <span class='ocr_line' id='line_1_2' title="bbox 772 137 1490 166; baseline 0 -2"><span class='ocrx_word' id='word_1_3' title='bbox 772 139 868 166; x_wconf 75' lang='lat' dir='ltr'>ACTA</span> <span class='ocrx_word' id='word_1_4' title='bbox 888 138 1000 164; x_wconf 82' lang='lat' dir='ltr'>REGNI</span> <span class='ocrx_word' id='word_1_5' title='bbox 1020 138 1155 164; x_wconf 76' lang='lat' dir='ltr'><strong>KAROLI</strong></span> <span class='ocrx_word' id='word_1_6' title='bbox 1176 138 1220 164; x_wconf 88' lang='lat' dir='ltr'>1V.</span> <span class='ocrx_word' id='word_1_7' title='bbox 1260 138 1333 164; x_wconf 80' lang='lat'>1346.</span> <span class='ocrx_word' id='word_1_8' title='bbox 1370 137 1417 163; x_wconf 86' lang='lat' dir='ltr'>Nr.</span> <span class='ocrx_word' id='word_1_9' title='bbox 1433 138 1490 164; x_wconf 83' lang='lat'>149.</span> 
     </span>
    </p>
   </div>
   <div class='ocr_carea' id='block_1_3' title="bbox 309 144 368 172">
    <p class='ocr_par' dir='ltr' id='par_1_3' title="bbox 309 144 368 172">
     <span class='ocr_line' id='line_1_3' title="bbox 309 145 335 172; textangle 90"><span class='ocrx_word' id='word_1_10' title='bbox 309 145 335 172; x_wconf 47' lang='grc' dir='ltr'>[ν.</span> 
     </span>
     <span class='ocr_line' id='line_1_4' title="bbox 340 144 368 171; textangle 90"><span class='ocrx_word' id='word_1_11' title='bbox 340 144 368 171; x_wconf 64' lang='grc' dir='ltr'>ιῖῖ</span> 
     </span>
    </p>
   </div>
   <div class='ocr_carea' id='block_1_4' title="bbox 309 223 1957 730">
    <p class='ocr_par' dir='ltr' id='par_1_4' title="bbox 309 223 1957 730">
     <span class='ocr_line' id='line_1_5' title="bbox 417 223 1954 263; baseline -0.002 -6"><span class='ocrx_word' id='word_1_12' title='bbox 417 226 554 257; x_wconf 78' lang='lat' dir='ltr'>Summis</span> <span class='ocrx_word' id='word_1_13' title='bbox 591 230 622 256; x_wconf 80' lang='lat' dir='ltr'>et</span> <span class='ocrx_word' id='word_1_14' title='bbox 657 225 853 256; x_wconf 80' lang='lat' dir='ltr'>serventibus</span> <span class='ocrx_word' id='word_1_15' title='bbox 889 224 1055 256; x_wconf 70' lang='lat' dir='ltr'>desideriis</span> <span class='ocrx_word' id='word_1_16' title='bbox 1090 224 1120 254; x_wconf 91' lang='lat' dir='ltr'>in</span> <span class='ocrx_word' id='word_1_17' title='bbox 1152 223 1265 263; x_wconf 79' lang='lat' dir='ltr'>spiritu</span> <span class='ocrx_word' id='word_1_18' title='bbox 1301 223 1410 253; x_wconf 89' lang='lat' dir='ltr'>humili</span> <span class='ocrx_word' id='word_1_19' title='bbox 1443 223 1610 263; x_wconf 86' lang='lat' dir='ltr'>cupientes</span> <span class='ocrx_word' id='word_1_20' title='bbox 1644 224 1820 254; x_wconf 77' lang='lat' dir='ltr'>sanctitatis</span> <span class='ocrx_word' id='word_1_21' title='bbox 1850 227 1954 254; x_wconf 77' lang='lat' dir='ltr'><strong>vestre</strong></span> 
     </span>
     <span class='ocr_line' id='line_1_6' title="bbox 309 275 1955 319; baseline -0.001 -12"><span class='ocrx_word' id='word_1_22' title='bbox 309 279 443 319; x_wconf 79' lang='lat' dir='ltr'>pedibus</span> <span class='ocrx_word' id='word_1_23' title='bbox 469 281 499 308; x_wconf 91' lang='lat' dir='ltr'>et</span> <span class='ocrx_word' id='word_1_24' title='bbox 524 277 699 318; x_wconf 78' lang='lat' dir='ltr'>apostolice</span> <span class='ocrx_word' id='word_1_25' title='bbox 724 276 792 307; x_wconf 85' lang='lat' dir='ltr'>sedi</span> <span class='ocrx_word' id='word_1_26' title='bbox 817 279 884 307; x_wconf 83' lang='lat' dir='ltr'>toto</span> <span class='ocrx_word' id='word_1_27' title='bbox 909 276 1003 306; x_wconf 89' lang='lat' dir='ltr'>corde</span> <span class='ocrx_word' id='word_1_28' title='bbox 1029 279 1061 306; x_wconf 86' lang='lat' dir='ltr'>et</span> <span class='ocrx_word' id='word_1_29' title='bbox 1085 275 1190 305; x_wconf 90' lang='lat' dir='ltr'>auimo</span> <span class='ocrx_word' id='word_1_30' title='bbox 1215 275 1317 304; x_wconf 84' lang='lat' dir='ltr'>zelum</span> <span class='ocrx_word' id='word_1_31' title='bbox 1342 277 1448 304; x_wconf 87' lang='lat' dir='ltr'>nostre</span> <span class='ocrx_word' id='word_1_32' title='bbox 1474 275 1673 313; x_wconf 76' lang='lat' dir='ltr'>reverencie,</span> <span class='ocrx_word' id='word_1_33' title='bbox 1702 275 1777 306; x_wconf 87' lang='lat' dir='ltr'>fidei</span> <span class='ocrx_word' id='word_1_34' title='bbox 1802 279 1833 306; x_wconf 90' lang='lat' dir='ltr'>ct</span> <span class='ocrx_word' id='word_1_35' title='bbox 1858 275 1955 306; x_wconf 87' lang='lat' dir='ltr'>devo-</span> 
     </span>
     <span class='ocr_line' id='line_1_7' title="bbox 309 325 1957 367; baseline -0.002 -7"><span class='ocrx_word' id='word_1_36' title='bbox 309 331 403 360; x_wconf 81' lang='lat' dir='ltr'>tionis</span> <span class='ocrx_word' id='word_1_37' title='bbox 428 330 544 360; x_wconf 78' lang='lat' dir='ltr'>offerre</span> <span class='ocrx_word' id='word_1_38' title='bbox 569 329 681 359; x_wconf 84' lang='lat' dir='ltr'>vestris</span> <span class='ocrx_word' id='word_1_39' title='bbox 712 328 828 358; x_wconf 83' lang='lat' dir='ltr'>sanctis</span> <span class='ocrx_word' id='word_1_40' title='bbox 860 326 1137 367; x_wconf 73' lang='lat' dir='ltr'>dispositionibus,</span> <span class='ocrx_word' id='word_1_41' title='bbox 1168 326 1311 362; x_wconf 81' lang='lat' dir='ltr'>monitis,</span> <span class='ocrx_word' id='word_1_42' title='bbox 1347 325 1624 356; x_wconf 76' lang='lat' dir='ltr'>exhortationibus</span> <span class='ocrx_word' id='word_1_43' title='bbox 1653 329 1685 356; x_wconf 89' lang='lat' dir='ltr'>et</span> <span class='ocrx_word' id='word_1_44' title='bbox 1713 326 1872 357; x_wconf 84' lang='lat' dir='ltr'>mandatis</span> <span class='ocrx_word' id='word_1_45' title='bbox 1900 338 1957 357; x_wconf 87' lang='lat' dir='ltr'>nos</span> 
     </span>
     <span class='ocr_line' id='line_1_8' title="bbox 309 376 1955 422; baseline -0.002 -11"><span class='ocrx_word' id='word_1_46' title='bbox 309 392 365 422; x_wconf 84' lang='lat' dir='ltr'>pro</span> <span class='ocrx_word' id='word_1_47' title='bbox 384 382 458 411; x_wconf 81' lang='lat' dir='ltr'>totis</span> <span class='ocrx_word' id='word_1_48' title='bbox 475 380 593 411; x_wconf 86' lang='lat' dir='ltr'>viribus</span> <span class='ocrx_word' id='word_1_49' title='bbox 611 379 801 420; x_wconf 67' lang='lat' dir='ltr'>coaptando,</span> <span class='ocrx_word' id='word_1_50' title='bbox 824 381 1008 409; x_wconf 67' lang='lat' dir='ltr'>reverenter</span> <span class='ocrx_word' id='word_1_51' title='bbox 1031 381 1062 408; x_wconf 88' lang='lat' dir='ltr'>ct</span> <span class='ocrx_word' id='word_1_52' title='bbox 1087 377 1202 407; x_wconf 84' lang='lat' dir='ltr'>devote</span> <span class='ocrx_word' id='word_1_53' title='bbox 1226 377 1257 406; x_wconf 98' lang='grc'>111</span> <span class='ocrx_word' id='word_1_54' title='bbox 1273 376 1420 406; x_wconf 86' lang='lat' dir='ltr'>manibus</span> <span class='ocrx_word' id='word_1_55' title='bbox 1437 376 1565 408; x_wconf 90' lang='lat' dir='ltr'>discreti</span> <span class='ocrx_word' id='word_1_56' title='bbox 1582 378 1639 408; x_wconf 86' lang='lat' dir='ltr'>viri</span> <span class='ocrx_word' id='word_1_57' title='bbox 1663 378 1806 419; x_wconf 80' lang='lat' dir='ltr'>magistri</span> <span class='ocrx_word' id='word_1_58' title='bbox 1824 377 1955 408; x_wconf 82' lang='lat' dir='ltr'>Geraldi</span> 
     </span>
     <span class='ocr_line' id='line_1_9' title="bbox 309 427 1956 473; baseline -0.002 -10"><span class='ocrx_word' id='word_1_59' title='bbox 309 433 348 463; x_wconf 89' lang='lat' dir='ltr'>de</span> <span class='ocrx_word' id='word_1_60' title='bbox 372 432 540 473; x_wconf 78' lang='lat' dir='ltr'>Magnaco,</span> <span class='ocrx_word' id='word_1_61' title='bbox 565 431 781 462; x_wconf 74' lang='lat' dir='ltr'>archidiaconi</span> <span class='ocrx_word' id='word_1_62' title='bbox 806 431 845 461; x_wconf 89' lang='lat' dir='ltr'>de</span> <span class='ocrx_word' id='word_1_63' title='bbox 869 430 1011 460; x_wconf 83' lang='lat' dir='ltr'>Baltcsio</span> <span class='ocrx_word' id='word_1_64' title='bbox 1037 430 1067 458; x_wconf 90' lang='lat' dir='ltr'>in</span> <span class='ocrx_word' id='word_1_65' title='bbox 1092 429 1227 459; x_wconf 83' lang='lat' dir='ltr'>ecclesia</span> <span class='ocrx_word' id='word_1_66' title='bbox 1251 427 1501 463; x_wconf 71' lang='lat' dir='ltr'>Constanciensi,</span> <span class='ocrx_word' id='word_1_67' title='bbox 1527 429 1684 469; x_wconf 86' lang='lat' dir='ltr'>capellani</span> <span class='ocrx_word' id='word_1_68' title='bbox 1708 429 1815 469; x_wconf 75' lang='lat' dir='ltr'>vestri,</span> <span class='ocrx_word' id='word_1_69' title='bbox 1839 433 1956 469; x_wconf 76' lang='lat' dir='ltr'>vestro,</span> 
     </span>
     <span class='ocr_line' id='line_1_10' title="bbox 309 479 1956 520; baseline -0.001 -6"><span class='ocrx_word' id='word_1_70' title='bbox 309 488 511 514; x_wconf 82' lang='lat' dir='ltr'>sacrosancte</span> <span class='ocrx_word' id='word_1_71' title='bbox 541 483 686 514; x_wconf 83' lang='lat' dir='ltr'>Romane</span> <span class='ocrx_word' id='word_1_72' title='bbox 721 493 758 513; x_wconf 85' lang='lat' dir='ltr'>ac</span> <span class='ocrx_word' id='word_1_73' title='bbox 790 481 979 512; x_wconf 79' lang='lat' dir='ltr'>universalis</span> <span class='ocrx_word' id='word_1_74' title='bbox 1015 480 1149 511; x_wconf 74' lang='lat' dir='ltr'>ecclesie</span> <span class='ocrx_word' id='word_1_75' title='bbox 1183 482 1215 510; x_wconf 90' lang='lat' dir='ltr'>et</span> <span class='ocrx_word' id='word_1_76' title='bbox 1249 479 1333 510; x_wconf 85' lang='lat' dir='ltr'>sedis</span> <span class='ocrx_word' id='word_1_77' title='bbox 1362 480 1537 520; x_wconf 88' lang='lat' dir='ltr'>apostolice</span> <span class='ocrx_word' id='word_1_78' title='bbox 1566 481 1693 511; x_wconf 90' lang='lat' dir='ltr'>nomine</span> <span class='ocrx_word' id='word_1_79' title='bbox 1735 481 1774 511; x_wconf 89' lang='lat' dir='ltr'>de</span> <span class='ocrx_word' id='word_1_80' title='bbox 1805 481 1956 512; x_wconf 86' lang='lat' dir='ltr'>mandato</span> 
     </span>
     <span class='ocr_line' id='line_1_11' title="bbox 309 531 1957 575; baseline -0.003 -9"><span class='ocrx_word' id='word_1_81' title='bbox 309 541 413 566; x_wconf 84' lang='lat' dir='ltr'>vestro</span> <span class='ocrx_word' id='word_1_82' title='bbox 438 535 570 575; x_wconf 82' lang='lat' dir='ltr'>speciali</span> <span class='ocrx_word' id='word_1_83' title='bbox 592 534 697 565; x_wconf 86' lang='lat' dir='ltr'>eidem</span> <span class='ocrx_word' id='word_1_84' title='bbox 721 544 816 574; x_wconf 86' lang='lat' dir='ltr'>super</span> <span class='ocrx_word' id='word_1_85' title='bbox 838 533 898 563; x_wconf 83' lang='lat' dir='ltr'>hoc</span> <span class='ocrx_word' id='word_1_86' title='bbox 916 532 1000 562; x_wconf 83' lang='lat' dir='ltr'>facto</span> <span class='ocrx_word' id='word_1_87' title='bbox 1025 531 1207 571; x_wconf 84' lang='lat' dir='ltr'>recipientis</span> <span class='ocrx_word' id='word_1_88' title='bbox 1225 531 1461 571; x_wconf 78' lang='lat' dir='ltr'>promissiones,</span> <span class='ocrx_word' id='word_1_89' title='bbox 1485 532 1664 562; x_wconf 83' lang='lat' dir='ltr'>iuramenta</span> <span class='ocrx_word' id='word_1_90' title='bbox 1688 535 1720 562; x_wconf 88' lang='lat' dir='ltr'>et</span> <span class='ocrx_word' id='word_1_91' title='bbox 1736 533 1957 563; x_wconf 82' lang='lat' dir='ltr'>concessiones</span> 
     </span>
     <span class='ocr_line' id='line_1_12' title="bbox 310 582 1955 627; baseline -0.001 -11"><span class='ocrx_word' id='word_1_92' title='bbox 310 598 420 618; x_wconf 76' lang='lat' dir='ltr'>omnes</span> <span class='ocrx_word' id='word_1_93' title='bbox 445 592 477 618; x_wconf 85' lang='lat' dir='ltr'>et</span> <span class='ocrx_word' id='word_1_94' title='bbox 500 587 640 627; x_wconf 77' lang='lat' dir='ltr'>singulas</span> <span class='ocrx_word' id='word_1_95' title='bbox 664 585 881 624; x_wconf 78' lang='lat' dir='ltr'>infrascriptas</span> <span class='ocrx_word' id='word_1_96' title='bbox 905 583 1069 624; x_wconf 69' lang='lat' dir='ltr'>sigillatim</span> <span class='ocrx_word' id='word_1_97' title='bbox 1094 585 1126 613; x_wconf 87' lang='lat' dir='ltr'>et</span> <span class='ocrx_word' id='word_1_98' title='bbox 1148 582 1307 623; x_wconf 78' lang='lat' dir='ltr'>specifice7</span> <span class='ocrx_word' id='word_1_99' title='bbox 1332 583 1424 613; x_wconf 83' lang='lat' dir='ltr'>tactis</span> <span class='ocrx_word' id='word_1_100' title='bbox 1443 584 1652 614; x_wconf 85' lang='lat' dir='ltr'>sacrosanctis</span> <span class='ocrx_word' id='word_1_101' title='bbox 1670 583 1846 624; x_wconf 83' lang='lat' dir='ltr'>euangeliis</span> <span class='ocrx_word' id='word_1_102' title='bbox 1863 594 1955 614; x_wconf 91' lang='lat' dir='ltr'>reno-</span> 
     </span>
     <span class='ocr_line' id='line_1_13' title="bbox 309 634 1957 675; baseline -0.002 -6"><span class='ocrx_word' id='word_1_103' title='bbox 309 640 462 674; x_wconf 77' lang='lat' dir='ltr'>vavimus,</span> <span class='ocrx_word' id='word_1_104' title='bbox 487 648 687 673; x_wconf 81' lang='lat' dir='ltr'>renovamus,</span> <span class='ocrx_word' id='word_1_105' title='bbox 713 637 845 666; x_wconf 76' lang='lat' dir='ltr'>fecimus</span> <span class='ocrx_word' id='word_1_106' title='bbox 863 639 895 666; x_wconf 82' lang='lat' dir='ltr'>et</span> <span class='ocrx_word' id='word_1_107' title='bbox 913 635 952 665; x_wconf 90' lang='lat' dir='ltr'>de</span> <span class='ocrx_word' id='word_1_108' title='bbox 970 645 1051 665; x_wconf 92' lang='lat' dir='ltr'>novo</span> <span class='ocrx_word' id='word_1_109' title='bbox 1070 634 1214 670; x_wconf 65' lang='lat' dir='ltr'>taculum,</span> <span class='ocrx_word' id='word_1_110' title='bbox 1239 634 1435 674; x_wconf 70' lang='lat' dir='ltr'>prestitimus</span> <span class='ocrx_word' id='word_1_111' title='bbox 1453 637 1484 664; x_wconf 87' lang='lat' dir='ltr'>et</span> <span class='ocrx_word' id='word_1_112' title='bbox 1503 637 1692 674; x_wconf 72' lang='lat' dir='ltr'>prestamus,</span> <span class='ocrx_word' id='word_1_113' title='bbox 1709 635 1957 675; x_wconf 76' lang='lat' dir='ltr'>approbavimus</span> 
     </span>
     <span class='ocr_line' id='line_1_14' title="bbox 310 686 1129 730; baseline -0.006 -10"><span class='ocrx_word' id='word_1_114' title='bbox 310 694 341 720; x_wconf 91' lang='lat' dir='ltr'>et</span> <span class='ocrx_word' id='word_1_115' title='bbox 365 689 590 730; x_wconf 80' lang='lat' dir='ltr'>approbamus.</span> <span class='ocrx_word' id='word_1_116' title='bbox 616 688 841 719; x_wconf 71' lang='lat' dir='ltr'>ratificavimus</span> <span class='ocrx_word' id='word_1_117' title='bbox 866 690 898 717; x_wconf 90' lang='lat' dir='ltr'>et</span> <span class='ocrx_word' id='word_1_118' title='bbox 921 686 1129 716; x_wconf 83' lang='lat' dir='ltr'>ratificamus:</span> 
     </span>
    </p>
   </div>
   <div class='ocr_carea' id='block_1_5' title="bbox 309 757 1958 1155">
    <p class='ocr_par' dir='ltr' id='par_1_5' title="bbox 309 757 1958 1155">
     <span class='ocr_line' id='line_1_15' title="bbox 419 757 1957 797; baseline -0.001 -9"><span class='ocrx_word' id='word_1_119' title='bbox 419 763 455 795; x_wconf 72' lang='lat' dir='ltr'>‹i›</span> <span class='ocrx_word' id='word_1_120' title='bbox 485 757 526 788; x_wconf 79' lang='lat' dir='ltr'>Et</span> <span class='ocrx_word' id='word_1_121' title='bbox 550 758 651 797; x_wconf 74' lang='lat' dir='ltr'>primo</span> <span class='ocrx_word' id='word_1_122' title='bbox 676 761 818 792; x_wconf 79' lang='lat' dir='ltr'>facimus,</span> <span class='ocrx_word' id='word_1_123' title='bbox 843 762 1027 793; x_wconf 85' lang='lat' dir='ltr'>prestamus,</span> <span class='ocrx_word' id='word_1_124' title='bbox 1052 759 1244 786; x_wconf 73' lang='lat' dir='ltr'>concedimus</span> <span class='ocrx_word' id='word_1_125' title='bbox 1269 761 1298 786; x_wconf 91' lang='lat' dir='ltr'>et</span> <span class='ocrx_word' id='word_1_126' title='bbox 1320 759 1526 793; x_wconf 84' lang='lat' dir='ltr'>promittimus</span> <span class='ocrx_word' id='word_1_127' title='bbox 1551 759 1645 786; x_wconf 88' lang='lat' dir='ltr'>omnia</span> <span class='ocrx_word' id='word_1_128' title='bbox 1669 759 1836 789; x_wconf 80' lang='lat' dir='ltr'>iuramenta,</span> <span class='ocrx_word' id='word_1_129' title='bbox 1861 769 1957 787; x_wconf 86' lang='lat' dir='ltr'>omnes</span> 
     </span>
     <span class='ocr_line' id='line_1_16' title="bbox 311 811 1956 846; baseline -0.001 -6"><span class='ocrx_word' id='word_1_130' title='bbox 311 814 496 844; x_wconf 81' lang='lat' dir='ltr'>obediencias,</span> <span class='ocrx_word' id='word_1_131' title='bbox 521 813 729 846; x_wconf 76' lang='lat' dir='ltr'>promissiones,</span> <span class='ocrx_word' id='word_1_132' title='bbox 754 811 961 842; x_wconf 82' lang='lat' dir='ltr'>concessiones,</span> <span class='ocrx_word' id='word_1_133' title='bbox 986 811 1166 843; x_wconf 78' lang='lat' dir='ltr'>donationes,</span> <span class='ocrx_word' id='word_1_134' title='bbox 1192 811 1407 842; x_wconf 79' lang='lat' dir='ltr'>ratificationeS,</span> <span class='ocrx_word' id='word_1_135' title='bbox 1433 811 1660 837; x_wconf 83' lang='lat' dir='ltr'>confirmationes</span> <span class='ocrx_word' id='word_1_136' title='bbox 1685 813 1713 837; x_wconf 89' lang='lat' dir='ltr'>et</span> <span class='ocrx_word' id='word_1_137' title='bbox 1736 813 1830 838; x_wconf 86' lang='lat' dir='ltr'>cetera</span> <span class='ocrx_word' id='word_1_138' title='bbox 1854 813 1956 844; x_wconf 78' lang='lat' dir='ltr'>omnia,</span> 
     </span>
     <span class='ocr_line' id='line_1_17' title="bbox 309 863 1956 897; baseline 0 -7"><span class='ocrx_word' id='word_1_139' title='bbox 309 873 363 897; x_wconf 79' lang='lat' dir='ltr'>que</span> <span class='ocrx_word' id='word_1_140' title='bbox 388 865 461 890; x_wconf 77' lang='lat' dir='ltr'>clare</span> <span class='ocrx_word' id='word_1_141' title='bbox 485 864 617 891; x_wconf 84' lang='lat' dir='ltr'>memorie</span> <span class='ocrx_word' id='word_1_142' title='bbox 646 864 775 890; x_wconf 82' lang='lat' dir='ltr'>dominus</span> <span class='ocrx_word' id='word_1_143' title='bbox 800 863 936 890; x_wconf 77' lang='lat' dir='ltr'>Heni-icus</span> <span class='ocrx_word' id='word_1_144' title='bbox 961 863 1076 889; x_wconf 85' lang='lat' dir='ltr'>ultimus</span> <span class='ocrx_word' id='word_1_145' title='bbox 1100 863 1268 896; x_wconf 87' lang='lat' dir='ltr'>imperator,</span> <span class='ocrx_word' id='word_1_146' title='bbox 1298 871 1366 888; x_wconf 86' lang='lat' dir='ltr'>avus</span> <span class='ocrx_word' id='word_1_147' title='bbox 1390 865 1501 893; x_wconf 76' lang='lat' dir='ltr'>noster,</span> <span class='ocrx_word' id='word_1_148' title='bbox 1532 871 1582 896; x_wconf 88' lang='lat' dir='ltr'>per</span> <span class='ocrx_word' id='word_1_149' title='bbox 1605 871 1633 889; x_wconf 86' lang='lat' dir='ltr'>se</span> <span class='ocrx_word' id='word_1_150' title='bbox 1658 863 1701 889; x_wconf 89' lang='lat' dir='ltr'>vel</span> <span class='ocrx_word' id='word_1_151' title='bbox 1725 872 1774 897; x_wconf 87' lang='lat' dir='ltr'>per</span> <span class='ocrx_word' id='word_1_152' title='bbox 1797 863 1883 889; x_wconf 82' lang='lat' dir='ltr'>alium</span> <span class='ocrx_word' id='word_1_153' title='bbox 1908 873 1956 890; x_wconf 87' lang='lat' dir='ltr'>seu</span> 
     </span>
     <span class='ocr_line' id='line_1_18' title="bbox 310 914 1956 949; baseline 0.001 -8"><span class='ocrx_word' id='word_1_154' title='bbox 310 916 380 942; x_wconf 80' lang='lat' dir='ltr'>alios</span> <span class='ocrx_word' id='word_1_155' title='bbox 406 916 486 945; x_wconf 78' lang='lat' dir='ltr'>fecit,</span> <span class='ocrx_word' id='word_1_156' title='bbox 517 915 658 949; x_wconf 81' lang='lat' dir='ltr'>prestitit,</span> <span class='ocrx_word' id='word_1_157' title='bbox 689 915 831 948; x_wconf 84' lang='lat' dir='ltr'>promisit,</span> <span class='ocrx_word' id='word_1_158' title='bbox 857 914 995 941; x_wconf 77' lang='lat' dir='ltr'>concessit</span> <span class='ocrx_word' id='word_1_159' title='bbox 1019 916 1048 940; x_wconf 85' lang='lat' dir='ltr'>et</span> <span class='ocrx_word' id='word_1_160' title='bbox 1072 914 1261 945; x_wconf 85' lang='lat' dir='ltr'>confirmavit,</span> <span class='ocrx_word' id='word_1_161' title='bbox 1291 922 1342 940; x_wconf 88' lang='lat' dir='ltr'>nec</span> <span class='ocrx_word' id='word_1_162' title='bbox 1366 923 1420 939; x_wconf 87' lang='lat' dir='ltr'>non</span> <span class='ocrx_word' id='word_1_163' title='bbox 1447 915 1475 940; x_wconf 88' lang='lat' dir='ltr'>et</span> <span class='ocrx_word' id='word_1_164' title='bbox 1499 914 1593 940; x_wconf 83' lang='lat' dir='ltr'>omnia</span> <span class='ocrx_word' id='word_1_165' title='bbox 1617 914 1673 940; x_wconf 80' lang='lat' dir='ltr'>alia</span> <span class='ocrx_word' id='word_1_166' title='bbox 1696 914 1868 946; x_wconf 84' lang='lat' dir='ltr'>iuramenta,</span> <span class='ocrx_word' id='word_1_167' title='bbox 1893 915 1956 942; x_wconf 86' lang='lat' dir='ltr'>obe—</span> 
     </span>
     <span class='ocr_line' id='line_1_19' title="bbox 311 965 1955 1001; baseline 0 -9"><span class='ocrx_word' id='word_1_168' title='bbox 311 967 447 999; x_wconf 75' lang='lat' dir='ltr'>dienciae,</span> <span class='ocrx_word' id='word_1_169' title='bbox 472 967 685 1001; x_wconf 78' lang='lat' dir='ltr'>promissiones,</span> <span class='ocrx_word' id='word_1_170' title='bbox 711 966 918 998; x_wconf 84' lang='lat' dir='ltr'>concessiones,</span> <span class='ocrx_word' id='word_1_171' title='bbox 942 966 1123 997; x_wconf 81' lang='lat' dir='ltr'>donationes,</span> <span class='ocrx_word' id='word_1_172' title='bbox 1147 965 1350 991; x_wconf 84' lang='lat' dir='ltr'>ratificatioues</span> <span class='ocrx_word' id='word_1_173' title='bbox 1381 967 1409 991; x_wconf 83' lang='lat' dir='ltr'>et</span> <span class='ocrx_word' id='word_1_174' title='bbox 1433 965 1659 991; x_wconf 81' lang='lat' dir='ltr'>confirmationes</span> <span class='ocrx_word' id='word_1_175' title='bbox 1683 967 1712 992; x_wconf 88' lang='lat' dir='ltr'>et</span> <span class='ocrx_word' id='word_1_176' title='bbox 1736 968 1830 992; x_wconf 82' lang='lat' dir='ltr'>cetera</span> <span class='ocrx_word' id='word_1_177' title='bbox 1854 967 1955 998; x_wconf 84' lang='lat' dir='ltr'>omnia,</span> 
     </span>
     <span class='ocr_line' id='line_1_20' title="bbox 311 1015 1958 1052; baseline 0.001 -8"><span class='ocrx_word' id='word_1_178' title='bbox 311 1027 364 1051; x_wconf 82' lang='lat' dir='ltr'>que</span> <span class='ocrx_word' id='word_1_179' title='bbox 389 1019 455 1044; x_wconf 91' lang='lat' dir='ltr'>olim</span> <span class='ocrx_word' id='word_1_180' title='bbox 480 1018 563 1045; x_wconf 84' lang='lat' dir='ltr'>electi</span> <span class='ocrx_word' id='word_1_181' title='bbox 588 1018 616 1044; x_wconf 94' lang='lat' dir='ltr'>in</span> <span class='ocrx_word' id='word_1_182' title='bbox 640 1027 720 1051; x_wconf 78' lang='lat' dir='ltr'>reges</span> <span class='ocrx_word' id='word_1_183' title='bbox 744 1015 960 1051; x_wconf 85' lang='lat' dir='ltr'>Roman(orum)</span> <span class='ocrx_word' id='word_1_184' title='bbox 985 1019 1014 1044; x_wconf 85' lang='lat' dir='ltr'>et</span> <span class='ocrx_word' id='word_1_185' title='bbox 1037 1017 1175 1051; x_wconf 78' lang='lat' dir='ltr'>assumpti</span> <span class='ocrx_word' id='word_1_186' title='bbox 1199 1017 1234 1042; x_wconf 86' lang='lat' dir='ltr'>ad</span> <span class='ocrx_word' id='word_1_187' title='bbox 1258 1017 1405 1050; x_wconf 90' lang='lat' dir='ltr'>imperium</span> <span class='ocrx_word' id='word_1_188' title='bbox 1436 1017 1494 1043; x_wconf 84' lang='lat' dir='ltr'>sive</span> <span class='ocrx_word' id='word_1_189' title='bbox 1524 1017 1612 1043; x_wconf 82' lang='lat' dir='ltr'>eciam</span> <span class='ocrx_word' id='word_1_190' title='bbox 1640 1026 1696 1043; x_wconf 90' lang='lat' dir='ltr'>non</span> <span class='ocrx_word' id='word_1_191' title='bbox 1720 1019 1870 1052; x_wconf 84' lang='lat' dir='ltr'>assumpti.</span> <span class='ocrx_word' id='word_1_192' title='bbox 1900 1019 1958 1046; x_wconf 83' lang='lat' dir='ltr'>sive</span> 
     </span>
     <span class='ocr_line' id='line_1_21' title="bbox 311 1068 1957 1103; baseline 0 -7"><span class='ocrx_word' id='word_1_193' title='bbox 311 1072 464 1103; x_wconf 83' lang='lat' dir='ltr'>antequam</span> <span class='ocrx_word' id='word_1_194' title='bbox 481 1072 691 1096; x_wconf 80' lang='lat' dir='ltr'>assumerentur</span> <span class='ocrx_word' id='word_1_195' title='bbox 714 1070 772 1095; x_wconf 85' lang='lat' dir='ltr'>sive</span> <span class='ocrx_word' id='word_1_196' title='bbox 797 1071 869 1103; x_wconf 83' lang='lat' dir='ltr'>post,</span> <span class='ocrx_word' id='word_1_197' title='bbox 894 1078 943 1102; x_wconf 87' lang='lat' dir='ltr'>per</span> <span class='ocrx_word' id='word_1_198' title='bbox 967 1078 995 1095; x_wconf 85' lang='lat' dir='ltr'>se</span> <span class='ocrx_word' id='word_1_199' title='bbox 1013 1069 1055 1095; x_wconf 87' lang='lat' dir='ltr'>vel</span> <span class='ocrx_word' id='word_1_200' title='bbox 1080 1069 1150 1094; x_wconf 90' lang='lat' dir='ltr'>alios</span> <span class='ocrx_word' id='word_1_201' title='bbox 1175 1069 1289 1094; x_wconf 86' lang='lat' dir='ltr'>summis</span> <span class='ocrx_word' id='word_1_202' title='bbox 1313 1068 1493 1102; x_wconf 85' lang='lat' dir='ltr'>pontificibus</span> <span class='ocrx_word' id='word_1_203' title='bbox 1518 1071 1546 1095; x_wconf 88' lang='lat' dir='ltr'>et</span> <span class='ocrx_word' id='word_1_204' title='bbox 1570 1070 1666 1095; x_wconf 84' lang='lat' dir='ltr'>sancte</span> <span class='ocrx_word' id='word_1_205' title='bbox 1683 1069 1807 1096; x_wconf 81' lang='lat' dir='ltr'>Romane</span> <span class='ocrx_word' id='word_1_206' title='bbox 1832 1069 1957 1102; x_wconf 75' lang='lat' dir='ltr'>ecclesie,</span> 
     </span>
     <span class='ocr_line' id='line_1_22' title="bbox 312 1120 1957 1155; baseline 0.001 -9"><span class='ocrx_word' id='word_1_207' title='bbox 312 1130 359 1147; x_wconf 87' lang='lat' dir='ltr'>seu</span> <span class='ocrx_word' id='word_1_208' title='bbox 390 1130 485 1148; x_wconf 84' lang='lat' dir='ltr'>eorum</span> <span class='ocrx_word' id='word_1_209' title='bbox 510 1121 592 1147; x_wconf 82' lang='lat' dir='ltr'>alteri</span> <span class='ocrx_word' id='word_1_210' title='bbox 617 1130 666 1155; x_wconf 81' lang='lat' dir='ltr'>per</span> <span class='ocrx_word' id='word_1_211' title='bbox 690 1130 718 1147; x_wconf 86' lang='lat' dir='ltr'>se</span> <span class='ocrx_word' id='word_1_212' title='bbox 743 1121 786 1147; x_wconf 89' lang='lat' dir='ltr'>vel</span> <span class='ocrx_word' id='word_1_213' title='bbox 810 1130 859 1154; x_wconf 87' lang='lat' dir='ltr'>per</span> <span class='ocrx_word' id='word_1_214' title='bbox 883 1120 972 1146; x_wconf 75' lang='lat' dir='ltr'>alios*</span> <span class='ocrx_word' id='word_1_215' title='bbox 996 1120 1173 1154; x_wconf 82' lang='lat' dir='ltr'>reperientur</span> <span class='ocrx_word' id='word_1_216' title='bbox 1201 1120 1257 1146; x_wconf 81' lang='lat' dir='ltr'>suis</span> <span class='ocrx_word' id='word_1_217' title='bbox 1282 1120 1457 1153; x_wconf 82' lang='lat' dir='ltr'>temporibus</span> <span class='ocrx_word' id='word_1_218' title='bbox 1480 1120 1652 1153; x_wconf 79' lang='lat' dir='ltr'>prestitisse,</span> <span class='ocrx_word' id='word_1_219' title='bbox 1682 1121 1781 1147; x_wconf 83' lang='lat' dir='ltr'>fecisse</span> <span class='ocrx_word' id='word_1_220' title='bbox 1805 1130 1837 1147; x_wconf 87' lang='lat' dir='ltr'>ac</span> <span class='ocrx_word' id='word_1_221' title='bbox 1862 1122 1957 1147; x_wconf 87' lang='lat' dir='ltr'>confir—</span> 
     </span>
    </p>
   </div>
   <div class='ocr_carea' id='block_1_6' title="bbox 311 1172 911 1206">
    <p class='ocr_par' dir='ltr' id='par_1_6' title="bbox 311 1172 911 1206">
     <span class='ocr_line' id='line_1_23' title="bbox 311 1172 911 1206; baseline -0.002 -8"><span class='ocrx_word' id='word_1_222' title='bbox 311 1182 401 1199; x_wconf 83' lang='lat' dir='ltr'>masse</span> <span class='ocrx_word' id='word_1_223' title='bbox 426 1182 473 1199; x_wconf 87' lang='lat' dir='ltr'>seu</span> <span class='ocrx_word' id='word_1_224' title='bbox 497 1173 710 1206; x_wconf 79' lang='lat' dir='ltr'>quomodolibet</span> <span class='ocrx_word' id='word_1_225' title='bbox 734 1172 911 1198; x_wconf 81' lang='lat' dir='ltr'>concessisse.</span> 
     </span>
    </p>
   </div>
   <div class='ocr_carea' id='block_1_7' title="bbox 311 1240 1960 1634">
    <p class='ocr_par' dir='ltr' id='par_1_7' title="bbox 311 1240 1960 1634">
     <span class='ocr_line' id='line_1_24' title="bbox 419 1240 1956 1275; baseline 0 -8"><span class='ocrx_word' id='word_1_226' title='bbox 419 1242 469 1274; x_wconf 73' lang='lat' dir='ltr'>(ll)</span> <span class='ocrx_word' id='word_1_227' title='bbox 495 1242 586 1268; x_wconf 63' lang='lat' dir='ltr'>Item*</span> <span class='ocrx_word' id='word_1_228' title='bbox 611 1250 706 1267; x_wconf 82' lang='lat' dir='ltr'>omnes</span> <span class='ocrx_word' id='word_1_229' title='bbox 737 1249 882 1274; x_wconf 83' lang='lat' dir='ltr'>processus</span> <span class='ocrx_word' id='word_1_230' title='bbox 907 1241 996 1266; x_wconf 81' lang='lat' dir='ltr'>factos</span> <span class='ocrx_word' id='word_1_231' title='bbox 1025 1242 1054 1266; x_wconf 82' lang='lat' dir='ltr'>et</span> <span class='ocrx_word' id='word_1_232' title='bbox 1080 1240 1222 1273; x_wconf 85' lang='lat' dir='ltr'>quaslibet</span> <span class='ocrx_word' id='word_1_233' title='bbox 1250 1240 1407 1266; x_wconf 85' lang='lat' dir='ltr'>sententias</span> <span class='ocrx_word' id='word_1_234' title='bbox 1440 1240 1512 1266; x_wconf 86' lang='lat' dir='ltr'>latas</span> <span class='ocrx_word' id='word_1_235' title='bbox 1541 1242 1569 1266; x_wconf 90' lang='lat' dir='ltr'>et</span> <span class='ocrx_word' id='word_1_236' title='bbox 1593 1249 1766 1274; x_wconf 80' lang='lat' dir='ltr'>quecumque</span> <span class='ocrx_word' id='word_1_237' title='bbox 1791 1241 1858 1271; x_wconf 85' lang='lat' dir='ltr'>alia,</span> <span class='ocrx_word' id='word_1_238' title='bbox 1890 1251 1956 1275; x_wconf 88' lang='lat' dir='ltr'>quo-</span> 
     </span>
     <span class='ocr_line' id='line_1_25' title="bbox 312 1291 1958 1326; baseline 0 -8"><span class='ocrx_word' id='word_1_239' title='bbox 312 1302 430 1326; x_wconf 85' lang='lat' dir='ltr'>cumque</span> <span class='ocrx_word' id='word_1_240' title='bbox 458 1293 571 1319; x_wconf 88' lang='lat' dir='ltr'>nomine</span> <span class='ocrx_word' id='word_1_241' title='bbox 602 1294 782 1324; x_wconf 73' lang='lat' dir='ltr'>censeantur,</span> <span class='ocrx_word' id='word_1_242' title='bbox 814 1292 900 1318; x_wconf 85' lang='lat' dir='ltr'>Rome</span> <span class='ocrx_word' id='word_1_243' title='bbox 932 1300 980 1317; x_wconf 86' lang='lat' dir='ltr'>seu</span> <span class='ocrx_word' id='word_1_244' title='bbox 1004 1291 1173 1324; x_wconf 87' lang='lat' dir='ltr'>ubicumque</span> <span class='ocrx_word' id='word_1_245' title='bbox 1208 1291 1277 1317; x_wconf 84' lang='lat' dir='ltr'>alibi</span> <span class='ocrx_word' id='word_1_246' title='bbox 1306 1293 1387 1325; x_wconf 81' lang='lat' dir='ltr'>gesta</span> <span class='ocrx_word' id='word_1_247' title='bbox 1415 1300 1464 1324; x_wconf 85' lang='lat' dir='ltr'>per</span> <span class='ocrx_word' id='word_1_248' title='bbox 1491 1291 1656 1318; x_wconf 83' lang='lat' dir='ltr'>Ludovicum</span> <span class='ocrx_word' id='word_1_249' title='bbox 1688 1292 1721 1318; x_wconf 82' lang='lat' dir='ltr'>de</span> <span class='ocrx_word' id='word_1_250' title='bbox 1744 1292 1878 1324; x_wconf 82' lang='lat' dir='ltr'>Bavaria,</span> <span class='ocrx_word' id='word_1_251' title='bbox 1908 1301 1958 1326; x_wconf 88' lang='lat' dir='ltr'>per</span> 
     </span>
     <span class='ocr_line' id='line_1_26' title="bbox 312 1343 1959 1378; baseline 0 -8"><span class='ocrx_word' id='word_1_252' title='bbox 312 1345 457 1371; x_wconf 82' lang='lat' dir='ltr'>ecclesiam</span> <span class='ocrx_word' id='word_1_253' title='bbox 482 1345 515 1370; x_wconf 86' lang='lat' dir='ltr'>de</span> <span class='ocrx_word' id='word_1_254' title='bbox 540 1345 631 1370; x_wconf 81' lang='lat' dir='ltr'>heresi</span> <span class='ocrx_word' id='word_1_255' title='bbox 655 1346 684 1370; x_wconf 87' lang='lat' dir='ltr'>et</span> <span class='ocrx_word' id='word_1_256' title='bbox 707 1344 837 1370; x_wconf 80' lang='lat' dir='ltr'>scismate</span> <span class='ocrx_word' id='word_1_257' title='bbox 862 1343 936 1369; x_wconf 86' lang='lat' dir='ltr'>iusto</span> <span class='ocrx_word' id='word_1_258' title='bbox 961 1343 1064 1369; x_wconf 86' lang='lat' dir='ltr'>iudicio</span> <span class='ocrx_word' id='word_1_259' title='bbox 1089 1343 1325 1376; x_wconf 83' lang='lat' dir='ltr'>condempnatum</span> <span class='ocrx_word' id='word_1_260' title='bbox 1350 1352 1381 1369; x_wconf 89' lang='lat' dir='ltr'>ac</span> <span class='ocrx_word' id='word_1_261' title='bbox 1405 1343 1547 1376; x_wconf 82' lang='lat' dir='ltr'>privatum</span> <span class='ocrx_word' id='word_1_262' title='bbox 1572 1343 1647 1369; x_wconf 89' lang='lat' dir='ltr'>omni</span> <span class='ocrx_word' id='word_1_263' title='bbox 1672 1343 1739 1374; x_wconf 83' lang='lat' dir='ltr'>iure,</span> <span class='ocrx_word' id='word_1_264' title='bbox 1765 1343 1787 1369; x_wconf 83' lang='lat' dir='ltr'>si</span> <span class='ocrx_word' id='word_1_265' title='bbox 1811 1344 1886 1377; x_wconf 86' lang='lat' dir='ltr'>quod</span> <span class='ocrx_word' id='word_1_266' title='bbox 1909 1353 1959 1378; x_wconf 85' lang='lat' dir='ltr'>per</span> 
     </span>
     <span class='ocr_line' id='line_1_27' title="bbox 313 1392 1959 1429; baseline 0.001 -9"><span class='ocrx_word' id='word_1_267' title='bbox 313 1396 479 1422; x_wconf 77' lang='lat' dir='ltr'>electionem</span> <span class='ocrx_word' id='word_1_268' title='bbox 504 1396 532 1421; x_wconf 90' lang='lat' dir='ltr'>in</span> <span class='ocrx_word' id='word_1_269' title='bbox 556 1404 650 1429; x_wconf 67' lang='lat' dir='ltr'>regem</span> <span class='ocrx_word' id='word_1_270' title='bbox 668 1392 884 1429; x_wconf 76' lang='lat' dir='ltr'>Homan(orum)</span> <span class='ocrx_word' id='word_1_271' title='bbox 908 1395 941 1420; x_wconf 85' lang='lat' dir='ltr'>de</span> <span class='ocrx_word' id='word_1_272' title='bbox 966 1395 1027 1428; x_wconf 84' lang='lat' dir='ltr'>ipso</span> <span class='ocrx_word' id='word_1_273' title='bbox 1046 1395 1148 1420; x_wconf 85' lang='lat' dir='ltr'>factam</span> <span class='ocrx_word' id='word_1_274' title='bbox 1173 1394 1199 1421; x_wconf 88' lang='lat' dir='ltr'>ei</span> <span class='ocrx_word' id='word_1_275' title='bbox 1222 1395 1317 1421; x_wconf 86' lang='lat' dir='ltr'>fuerit</span> <span class='ocrx_word' id='word_1_276' title='bbox 1340 1395 1519 1427; x_wconf 78' lang='lat' dir='ltr'>acquisitum,</span> <span class='ocrx_word' id='word_1_277' title='bbox 1545 1404 1593 1421; x_wconf 87' lang='grc'><strong>3011</strong></span> <span class='ocrx_word' id='word_1_278' title='bbox 1617 1403 1667 1428; x_wconf 87' lang='lat' dir='ltr'>per</span> <span class='ocrx_word' id='word_1_279' title='bbox 1683 1395 1753 1421; x_wconf 87' lang='lat' dir='ltr'>alios</span> <span class='ocrx_word' id='word_1_280' title='bbox 1771 1395 1829 1421; x_wconf 84' lang='lat' dir='ltr'>eius</span> <span class='ocrx_word' id='word_1_281' title='bbox 1847 1396 1959 1422; x_wconf 91' lang='lat' dir='ltr'>nomine</span> 
     </span>
     <span class='ocr_line' id='line_1_28' title="bbox 312 1446 1959 1480; baseline 0 -7"><span class='ocrx_word' id='word_1_282' title='bbox 312 1447 354 1473; x_wconf 87' lang='lat' dir='ltr'>vel</span> <span class='ocrx_word' id='word_1_283' title='bbox 379 1447 550 1473; x_wconf 83' lang='lat' dir='ltr'>auctoritate</span> <span class='ocrx_word' id='word_1_284' title='bbox 574 1447 624 1473; x_wconf 84' lang='lat' dir='ltr'>sub</span> <span class='ocrx_word' id='word_1_285' title='bbox 649 1447 788 1480; x_wconf 82' lang='lat' dir='ltr'>imperiali</span> <span class='ocrx_word' id='word_1_286' title='bbox 813 1447 906 1477; x_wconf 83' lang='lat' dir='ltr'>titulo,</span> <span class='ocrx_word' id='word_1_287' title='bbox 932 1455 1014 1479; x_wconf 85' lang='lat' dir='ltr'>quem</span> <span class='ocrx_word' id='word_1_288' title='bbox 1039 1446 1091 1471; x_wconf 88' lang='lat' dir='ltr'>sibi</span> <span class='ocrx_word' id='word_1_289' title='bbox 1116 1446 1240 1472; x_wconf 80' lang='lat' dir='ltr'>indebite</span> <span class='ocrx_word' id='word_1_290' title='bbox 1264 1446 1420 1479; x_wconf 73' lang='lat' dir='ltr'>usurpavit,</span> <span class='ocrx_word' id='word_1_291' title='bbox 1444 1455 1495 1472; x_wconf 91' lang='lat' dir='ltr'>nec</span> <span class='ocrx_word' id='word_1_292' title='bbox 1518 1455 1574 1472; x_wconf 90' lang='lat' dir='ltr'>non</span> <span class='ocrx_word' id='word_1_293' title='bbox 1598 1448 1626 1472; x_wconf 88' lang='lat' dir='ltr'>et</span> <span class='ocrx_word' id='word_1_294' title='bbox 1650 1446 1755 1478; x_wconf 88' lang='lat' dir='ltr'>omnia,</span> <span class='ocrx_word' id='word_1_295' title='bbox 1780 1455 1834 1480; x_wconf 88' lang='lat' dir='ltr'>que</span> <span class='ocrx_word' id='word_1_296' title='bbox 1858 1456 1908 1480; x_wconf 85' lang='lat' dir='ltr'>per</span> <span class='ocrx_word' id='word_1_297' title='bbox 1931 1456 1959 1474; x_wconf 83' lang='lat' dir='ltr'>se</span> 
     </span>
     <span class='ocr_line' id='line_1_29' title="bbox 312 1496 1957 1532; baseline 0.001 -8"><span class='ocrx_word' id='word_1_298' title='bbox 312 1499 355 1524; x_wconf 83' lang='lat' dir='ltr'>vel</span> <span class='ocrx_word' id='word_1_299' title='bbox 380 1499 465 1524; x_wconf 82' lang='lat' dir='ltr'>alium</span> <span class='ocrx_word' id='word_1_300' title='bbox 490 1499 518 1524; x_wconf 90' lang='lat' dir='ltr'>in</span> <span class='ocrx_word' id='word_1_301' title='bbox 545 1499 626 1524; x_wconf 83' lang='lat' dir='ltr'>ltalia</span> <span class='ocrx_word' id='word_1_302' title='bbox 650 1498 718 1524; x_wconf 80' lang='lat' dir='ltr'>fecit</span> <span class='ocrx_word' id='word_1_303' title='bbox 741 1507 788 1524; x_wconf 85' lang='lat' dir='ltr'>seu</span> <span class='ocrx_word' id='word_1_304' title='bbox 812 1498 912 1531; x_wconf 75' lang='lat' dir='ltr'>gessit,</span> <span class='ocrx_word' id='word_1_305' title='bbox 942 1497 1028 1523; x_wconf 86' lang='lat' dir='ltr'>etiam</span> <span class='ocrx_word' id='word_1_306' title='bbox 1053 1497 1103 1522; x_wconf 88' lang='lat' dir='ltr'>sub</span> <span class='ocrx_word' id='word_1_307' title='bbox 1127 1497 1216 1531; x_wconf 73' lang='lat' dir='ltr'>regali</span> <span class='ocrx_word' id='word_1_308' title='bbox 1239 1496 1365 1527; x_wconf 81' lang='lat' dir='ltr'>nomine,</span> <span class='ocrx_word' id='word_1_309' title='bbox 1390 1499 1418 1523; x_wconf 81' lang='lat' dir='ltr'>ct</span> <span class='ocrx_word' id='word_1_310' title='bbox 1442 1499 1536 1524; x_wconf 85' lang='lat' dir='ltr'>cetera</span> <span class='ocrx_word' id='word_1_311' title='bbox 1560 1498 1646 1524; x_wconf 86' lang='lat' dir='ltr'>etiam</span> <span class='ocrx_word' id='word_1_312' title='bbox 1671 1498 1765 1524; x_wconf 85' lang='lat' dir='ltr'>onmia</span> <span class='ocrx_word' id='word_1_313' title='bbox 1789 1498 1957 1532; x_wconf 84' lang='lat' dir='ltr'>ubicumque</span> 
     </span>
     <span class='ocr_line' id='line_1_30' title="bbox 311 1548 1958 1583; baseline 0.001 -8"><span class='ocrx_word' id='word_1_314' title='bbox 311 1551 391 1583; x_wconf 71' lang='lat' dir='ltr'>gesta</span> <span class='ocrx_word' id='word_1_315' title='bbox 416 1550 450 1576; x_wconf 85' lang='lat' dir='ltr'>ab</span> <span class='ocrx_word' id='word_1_316' title='bbox 475 1559 507 1576; x_wconf 88' lang='lat' dir='ltr'>eo</span> <span class='ocrx_word' id='word_1_317' title='bbox 531 1559 580 1583; x_wconf 86' lang='lat' dir='ltr'>per</span> <span class='ocrx_word' id='word_1_318' title='bbox 604 1559 632 1576; x_wconf 89' lang='lat' dir='ltr'>se</span> <span class='ocrx_word' id='word_1_319' title='bbox 657 1550 699 1575; x_wconf 82' lang='lat' dir='ltr'>vel</span> <span class='ocrx_word' id='word_1_320' title='bbox 724 1549 824 1579; x_wconf 81' lang='lat' dir='ltr'>alium,</span> <span class='ocrx_word' id='word_1_321' title='bbox 856 1558 909 1582; x_wconf 85' lang='lat' dir='ltr'>que</span> <span class='ocrx_word' id='word_1_322' title='bbox 934 1558 966 1575; x_wconf 74' lang='lat' dir='ltr'>ex</span> <span class='ocrx_word' id='word_1_323' title='bbox 991 1549 1102 1575; x_wconf 80' lang='lat' dir='ltr'>defectu</span> <span class='ocrx_word' id='word_1_324' title='bbox 1126 1548 1330 1575; x_wconf 85' lang='lat' dir='ltr'>iurisdictionis</span> <span class='ocrx_word' id='word_1_325' title='bbox 1355 1549 1398 1575; x_wconf 88' lang='lat' dir='ltr'>vel</span> <span class='ocrx_word' id='word_1_326' title='bbox 1422 1549 1574 1582; x_wconf 82' lang='lat' dir='ltr'>potestatis</span> <span class='ocrx_word' id='word_1_327' title='bbox 1598 1550 1689 1576; x_wconf 85' lang='lat' dir='ltr'>facere</span> <span class='ocrx_word' id='word_1_328' title='bbox 1714 1549 1766 1575; x_wconf 85' lang='lat' dir='ltr'>sibi</span> <span class='ocrx_word' id='word_1_329' title='bbox 1790 1558 1846 1576; x_wconf 90' lang='grc'><strong>11011</strong></span> <span class='ocrx_word' id='word_1_330' title='bbox 1870 1550 1958 1581; x_wconf 85' lang='lat' dir='ltr'>licuit,</span> 
     </span>
     <span class='ocr_line' id='line_1_31' title="bbox 312 1600 1960 1634; baseline 0.001 -8"><span class='ocrx_word' id='word_1_331' title='bbox 312 1602 389 1627; x_wconf 86' lang='lat' dir='ltr'>nulla</span> <span class='ocrx_word' id='word_1_332' title='bbox 414 1610 472 1628; x_wconf 79' lang='lat' dir='ltr'>esse</span> <span class='ocrx_word' id='word_1_333' title='bbox 502 1610 533 1627; x_wconf 79' lang='lat' dir='ltr'>ac</span> <span class='ocrx_word' id='word_1_334' title='bbox 564 1610 642 1626; x_wconf 81' lang='lat' dir='ltr'>cassa</span> <span class='ocrx_word' id='word_1_335' title='bbox 673 1603 701 1627; x_wconf 86' lang='lat' dir='ltr'>et</span> <span class='ocrx_word' id='word_1_336' title='bbox 726 1601 807 1626; x_wconf 82' lang='lat' dir='ltr'>irrita</span> <span class='ocrx_word' id='word_1_337' title='bbox 832 1610 941 1634; x_wconf 84' lang='lat' dir='ltr'>pronun</span> <span class='ocrx_word' id='word_1_338' title='bbox 952 1601 1079 1626; x_wconf 79' lang='lat' dir='ltr'>ciamus</span> <span class='ocrx_word' id='word_1_339' title='bbox 1104 1603 1133 1626; x_wconf 79' lang='lat' dir='ltr'>et</span> <span class='ocrx_word' id='word_1_340' title='bbox 1156 1601 1362 1629; x_wconf 73' lang='lat' dir='ltr'>declaramus,</span> <span class='ocrx_word' id='word_1_341' title='bbox 1391 1600 1440 1626; x_wconf 87' lang='lat' dir='ltr'>illa</span> <span class='ocrx_word' id='word_1_342' title='bbox 1468 1601 1566 1631; x_wconf 81' lang='lat' dir='ltr'>etiam,</span> <span class='ocrx_word' id='word_1_343' title='bbox 1600 1603 1739 1634; x_wconf 84' lang='lat' dir='ltr'>quatenus</span> <span class='ocrx_word' id='word_1_344' title='bbox 1763 1604 1960 1634; x_wconf 81' lang='lat' dir='ltr'>processerunt</span> 
     </span>
    </p>
   </div>
   <div class='ocr_carea' id='block_1_8' title="bbox 312 1647 1359 1687">
    <p class='ocr_par' dir='ltr' id='par_1_8' title="bbox 312 1647 1359 1687">
     <span class='ocr_line' id='line_1_32' title="bbox 312 1647 1359 1687; baseline -0.001 -9"><span class='ocrx_word' id='word_1_345' title='bbox 312 1652 345 1678; x_wconf 77' lang='lat' dir='ltr'>de</span> <span class='ocrx_word' id='word_1_346' title='bbox 370 1653 452 1681; x_wconf 80' lang='lat' dir='ltr'>facto,</span> <span class='ocrx_word' id='word_1_347' title='bbox 477 1653 671 1678; x_wconf 78' lang='lat' dir='ltr'>annullamus</span> <span class='ocrx_word' id='word_1_348' title='bbox 696 1654 724 1678; x_wconf 85' lang='lat' dir='ltr'>et</span> <span class='ocrx_word' id='word_1_349' title='bbox 747 1651 860 1685; x_wconf 81' lang='lat' dir='ltr'>penitus</span> <span class='ocrx_word' id='word_1_350' title='bbox 886 1648 915 1677; x_wconf 88' lang='lat' dir='ltr'>iu</span> <span class='ocrx_word' id='word_1_351' title='bbox 941 1647 1000 1677; x_wconf 74' lang='lat' dir='ltr'>hiis</span> <span class='ocrx_word' id='word_1_352' title='bbox 1026 1648 1150 1687; x_wconf 79' lang='lat' dir='ltr'>scriptis</span> <span class='ocrx_word' id='word_1_353' title='bbox 1174 1661 1359 1677; x_wconf 76' lang='lat' dir='ltr'>revocamus.</span> 
     </span>
    </p>
   </div>
   <div class='ocr_carea' id='block_1_9' title="bbox 421 1716 1958 1757">
    <p class='ocr_par' dir='ltr' id='par_1_9' title="bbox 421 1716 1958 1757">
     <span class='ocr_line' id='line_1_33' title="bbox 421 1716 1958 1757; baseline 0.001 -11"><span class='ocrx_word' id='word_1_354' title='bbox 421 1722 484 1751; x_wconf 79' lang='grc'><strong>(111)</strong></span> <span class='ocrx_word' id='word_1_355' title='bbox 509 1722 579 1747; x_wconf 63' lang='lat' dir='ltr'>Item</span> <span class='ocrx_word' id='word_1_356' title='bbox 602 1721 793 1754; x_wconf 78' lang='lat' dir='ltr'>promittimus</span> <span class='ocrx_word' id='word_1_357' title='bbox 818 1723 846 1747; x_wconf 82' lang='lat' dir='ltr'>et</span> <span class='ocrx_word' id='word_1_358' title='bbox 869 1716 910 1746; x_wconf 86' lang='lat' dir='ltr'>ad</span> <span class='ocrx_word' id='word_1_359' title='bbox 935 1720 1044 1747; x_wconf 83' lang='lat' dir='ltr'>sancta</span> <span class='ocrx_word' id='word_1_360' title='bbox 1060 1716 1121 1746; x_wconf 88' lang='lat' dir='ltr'>Dei</span> <span class='ocrx_word' id='word_1_361' title='bbox 1143 1716 1311 1757; x_wconf 79' lang='lat' dir='ltr'>euangelia</span> <span class='ocrx_word' id='word_1_362' title='bbox 1333 1716 1542 1756; x_wconf 82' lang='lat' dir='ltr'>corporaliter</span> <span class='ocrx_word' id='word_1_363' title='bbox 1563 1726 1620 1756; x_wconf 87' lang='lat' dir='ltr'>per</span> <span class='ocrx_word' id='word_1_364' title='bbox 1644 1727 1700 1746; x_wconf 77' lang='lat' dir='ltr'>nos</span> <span class='ocrx_word' id='word_1_365' title='bbox 1718 1720 1802 1747; x_wconf 82' lang='lat' dir='ltr'>tacta</span> <span class='ocrx_word' id='word_1_366' title='bbox 1826 1721 1958 1752; x_wconf 74' lang='lat' dir='ltr'>iuramus,</span> 
     </span>
    </p>
   </div>
   <div class='ocr_carea' id='block_1_10' title="bbox 312 1772 1989 1806">
    <p class='ocr_par' dir='ltr' id='par_1_10' title="bbox 312 1772 1989 1806">
     <span class='ocr_line' id='line_1_34' title="bbox 312 1772 1989 1806; baseline 0.001 -8"><span class='ocrx_word' id='word_1_367' title='bbox 312 1773 387 1805; x_wconf 78' lang='lat' dir='ltr'>quod</span> <span class='ocrx_word' id='word_1_368' title='bbox 411 1782 467 1799; x_wconf 90' lang='lat' dir='ltr'>non</span> <span class='ocrx_word' id='word_1_369' title='bbox 491 1773 690 1806; x_wconf 77' lang='lat' dir='ltr'>occup-abimus</span> <span class='ocrx_word' id='word_1_370' title='bbox 714 1782 764 1798; x_wconf 82' lang='lat' dir='ltr'>nee</span> <span class='ocrx_word' id='word_1_371' title='bbox 788 1773 954 1806; x_wconf 80' lang='lat' dir='ltr'>recipiemus</span> <span class='ocrx_word' id='word_1_372' title='bbox 978 1781 1028 1798; x_wconf 83' lang='lat' dir='ltr'>nec</span> <span class='ocrx_word' id='word_1_373' title='bbox 1053 1773 1229 1805; x_wconf 79' lang='lat' dir='ltr'>acquiremus</span> <span class='ocrx_word' id='word_1_374' title='bbox 1252 1781 1303 1798; x_wconf 85' lang='lat' dir='ltr'>nec</span> <span class='ocrx_word' id='word_1_375' title='bbox 1327 1772 1426 1805; x_wconf 84' lang='lat' dir='ltr'>quovis</span> <span class='ocrx_word' id='word_1_376' title='bbox 1451 1772 1533 1798; x_wconf 87' lang='lat' dir='ltr'>modo</span> <span class='ocrx_word' id='word_1_377' title='bbox 1556 1772 1752 1805; x_wconf 78' lang='lat' dir='ltr'>usurpabimus</span> <span class='ocrx_word' id='word_1_378' title='bbox 1769 1772 1885 1798; x_wconf 85' lang='lat' dir='ltr'>Romam</span> <span class='ocrx_word' id='word_1_379' title='bbox 1911 1775 1960 1799; x_wconf 85' lang='lat' dir='ltr'>aut</span> <span class='ocrx_word' id='word_1_380' title='bbox 1979 1781 1989 1799; x_wconf 76' lang='lat'><strong>3</strong></span> 
     </span>
    </p>
   </div>
   <div class='ocr_carea' id='block_1_11' title="bbox 313 1823 1958 1858">
    <p class='ocr_par' dir='ltr' id='par_1_11' title="bbox 313 1823 1958 1858">
     <span class='ocr_line' id='line_1_35' title="bbox 313 1823 1958 1858; baseline 0.001 -9"><span class='ocrx_word' id='word_1_381' title='bbox 313 1824 484 1858; x_wconf 81' lang='lat' dir='ltr'>provincias,</span> <span class='ocrx_word' id='word_1_382' title='bbox 509 1825 639 1854; x_wconf 81' lang='lat' dir='ltr'>ducatus,</span> <span class='ocrx_word' id='word_1_383' title='bbox 664 1824 888 1850; x_wconf 79' lang='lat' dir='ltr'>marchionatum</span> <span class='ocrx_word' id='word_1_384' title='bbox 913 1824 1136 1854; x_wconf 76' lang='lat' dir='ltr'>Anconitanum,</span> <span class='ocrx_word' id='word_1_385' title='bbox 1161 1824 1326 1855; x_wconf 78' lang='lat' dir='ltr'>comitatus,</span> <span class='ocrx_word' id='word_1_386' title='bbox 1352 1824 1521 1853; x_wconf 77' lang='lat' dir='ltr'>Ferrariam,</span> <span class='ocrx_word' id='word_1_387' title='bbox 1553 1823 1698 1855; x_wconf 82' lang='lat' dir='ltr'>civitates,</span> <span class='ocrx_word' id='word_1_388' title='bbox 1729 1823 1825 1857; x_wconf 86' lang='lat' dir='ltr'>opida,</span> <span class='ocrx_word' id='word_1_389' title='bbox 1858 1826 1958 1856; x_wconf 82' lang='lat' dir='ltr'>castra,</span> 
     </span>
    </p>
   </div>
   <div class='ocr_carea' id='block_1_12' title="bbox 312 1875 1959 1909">
    <p class='ocr_par' dir='ltr' id='par_1_12' title="bbox 312 1875 1959 1909">
     <span class='ocr_line' id='line_1_36' title="bbox 312 1875 1959 1909; baseline 0 -7"><span class='ocrx_word' id='word_1_390' title='bbox 312 1878 401 1902; x_wconf 80' lang='lat' dir='ltr'>terras</span> <span class='ocrx_word' id='word_1_391' title='bbox 430 1876 499 1901; x_wconf 79' lang='lat' dir='ltr'>alias</span> <span class='ocrx_word' id='word_1_392' title='bbox 529 1885 576 1901; x_wconf 83' lang='lat' dir='ltr'>seu</span> <span class='ocrx_word' id='word_1_393' title='bbox 606 1875 750 1901; x_wconf 74' lang='lat' dir='ltr'>territoria</span> <span class='ocrx_word' id='word_1_394' title='bbox 775 1876 817 1901; x_wconf 84' lang='lat' dir='ltr'>vel</span> <span class='ocrx_word' id='word_1_395' title='bbox 846 1875 907 1901; x_wconf 86' lang='lat' dir='ltr'>loca</span> <span class='ocrx_word' id='word_1_396' title='bbox 940 1875 1055 1901; x_wconf 80' lang='lat' dir='ltr'>ecclesie</span> <span class='ocrx_word' id='word_1_397' title='bbox 1079 1875 1203 1901; x_wconf 80' lang='lat' dir='ltr'>Romane</span> <span class='ocrx_word' id='word_1_398' title='bbox 1235 1884 1283 1901; x_wconf 90' lang='lat' dir='ltr'>seu</span> <span class='ocrx_word' id='word_1_399' title='bbox 1314 1875 1348 1900; x_wconf 84' lang='lat' dir='ltr'>ad</span> <span class='ocrx_word' id='word_1_400' title='bbox 1373 1875 1462 1908; x_wconf 87' lang='lat' dir='ltr'>ipsam</span> <span class='ocrx_word' id='word_1_401' title='bbox 1492 1875 1613 1901; x_wconf 85' lang='lat' dir='ltr'>mediate</span> <span class='ocrx_word' id='word_1_402' title='bbox 1640 1876 1683 1901; x_wconf 81' lang='lat' dir='ltr'>vel</span> <span class='ocrx_word' id='word_1_403' title='bbox 1706 1875 1859 1901; x_wconf 82' lang='lat' dir='ltr'>inmediate</span> <span class='ocrx_word' id='word_1_404' title='bbox 1884 1884 1959 1909; x_wconf 88' lang='lat' dir='ltr'>spec-</span> 
     </span>
    </p>
   </div>
   <div class='ocr_carea' id='block_1_13' title="bbox 312 1926 1961 2727">
    <p class='ocr_par' dir='ltr' id='par_1_13' title="bbox 312 1926 1961 2727">
     <span class='ocr_line' id='line_1_37' title="bbox 313 1926 1959 1959; baseline 0 -6"><span class='ocrx_word' id='word_1_405' title='bbox 313 1927 405 1953; x_wconf 81' lang='lat' dir='ltr'>tantia</span> <span class='ocrx_word' id='word_1_406' title='bbox 429 1927 456 1952; x_wconf 89' lang='lat' dir='ltr'>in</span> <span class='ocrx_word' id='word_1_407' title='bbox 481 1927 564 1953; x_wconf 84' lang='lat' dir='ltr'>ltalia</span> <span class='ocrx_word' id='word_1_408' title='bbox 589 1927 631 1952; x_wconf 81' lang='lat' dir='ltr'>vel</span> <span class='ocrx_word' id='word_1_409' title='bbox 656 1927 775 1952; x_wconf 80' lang='lat' dir='ltr'>ubilibet</span> <span class='ocrx_word' id='word_1_410' title='bbox 801 1928 881 1952; x_wconf 78' lang='lat' dir='ltr'>extra</span> <span class='ocrx_word' id='word_1_411' title='bbox 898 1927 1017 1954; x_wconf 80' lang='lat' dir='ltr'>Italiam.</span> <span class='ocrx_word' id='word_1_412' title='bbox 1043 1927 1115 1952; x_wconf 79' lang='lat' dir='ltr'>sicut</span> <span class='ocrx_word' id='word_1_413' title='bbox 1140 1929 1182 1952; x_wconf 85' lang='lat' dir='ltr'>est</span> <span class='ocrx_word' id='word_1_414' title='bbox 1199 1927 1350 1952; x_wconf 84' lang='lat' dir='ltr'>comitatus</span> <span class='ocrx_word' id='word_1_415' title='bbox 1367 1926 1543 1959; x_wconf 80' lang='lat' dir='ltr'>Venayssini,</span> <span class='ocrx_word' id='word_1_416' title='bbox 1568 1927 1616 1959; x_wconf 88' lang='lat' dir='ltr'>qui</span> <span class='ocrx_word' id='word_1_417' title='bbox 1640 1927 1674 1952; x_wconf 84' lang='lat' dir='ltr'>ad</span> <span class='ocrx_word' id='word_1_418' title='bbox 1697 1926 1850 1953; x_wconf 78' lang='lat' dir='ltr'>Romanam</span> <span class='ocrx_word' id='word_1_419' title='bbox 1875 1927 1959 1953; x_wconf 86' lang='lat' dir='ltr'>eccle-</span> 
     </span>
     <span class='ocr_line' id='line_1_38' title="bbox 313 1977 1961 2012; baseline 0 -8"><span class='ocrx_word' id='word_1_420' title='bbox 313 1980 381 2004; x_wconf 80' lang='lat' dir='ltr'>siam</span> <span class='ocrx_word' id='word_1_421' title='bbox 411 1979 493 2012; x_wconf 79' lang='lat' dir='ltr'>pleno</span> <span class='ocrx_word' id='word_1_422' title='bbox 518 1979 577 2004; x_wconf 83' lang='lat' dir='ltr'>iure</span> <span class='ocrx_word' id='word_1_423' title='bbox 601 1978 726 2004; x_wconf 81' lang='lat' dir='ltr'>noscitur</span> <span class='ocrx_word' id='word_1_424' title='bbox 750 1978 906 2011; x_wconf 83' lang='lat' dir='ltr'>pertinere.</span> <span class='ocrx_word' id='word_1_425' title='bbox 936 1980 964 2004; x_wconf 88' lang='lat' dir='ltr'>et</span> <span class='ocrx_word' id='word_1_426' title='bbox 988 1979 1069 2011; x_wconf 86' lang='lat' dir='ltr'>plura</span> <span class='ocrx_word' id='word_1_427' title='bbox 1092 1978 1178 2004; x_wconf 87' lang='lat' dir='ltr'>etiam</span> <span class='ocrx_word' id='word_1_428' title='bbox 1211 1978 1267 2003; x_wconf 86' lang='lat' dir='ltr'>alia</span> <span class='ocrx_word' id='word_1_429' title='bbox 1297 1978 1331 2003; x_wconf 78' lang='lat' dir='ltr'>ad</span> <span class='ocrx_word' id='word_1_430' title='bbox 1362 1978 1478 2004; x_wconf 87' lang='lat' dir='ltr'>eandem</span> <span class='ocrx_word' id='word_1_431' title='bbox 1503 1977 1648 2004; x_wconf 80' lang='lat' dir='ltr'>ecclesiam</span> <span class='ocrx_word' id='word_1_432' title='bbox 1679 1977 1853 2011; x_wconf 85' lang='lat' dir='ltr'>pertinentia</span> <span class='ocrx_word' id='word_1_433' title='bbox 1881 1980 1961 2004; x_wconf 79' lang='lat' dir='ltr'>extra</span> 
     </span>
     <span class='ocr_line' id='line_1_39' title="bbox 312 2029 1958 2063; baseline -0.001 -7"><span class='ocrx_word' id='word_1_434' title='bbox 312 2031 424 2056; x_wconf 77' lang='lat' dir='ltr'>ltaliam</span> <span class='ocrx_word' id='word_1_435' title='bbox 448 2030 611 2060; x_wconf 85' lang='lat' dir='ltr'>constituta,</span> <span class='ocrx_word' id='word_1_436' title='bbox 637 2032 665 2056; x_wconf 82' lang='lat' dir='ltr'>et</span> <span class='ocrx_word' id='word_1_437' title='bbox 689 2029 850 2063; x_wconf 80' lang='lat' dir='ltr'>specialiter</span> <span class='ocrx_word' id='word_1_438' title='bbox 873 2038 923 2055; x_wconf 85' lang='lat' dir='ltr'>nec</span> <span class='ocrx_word' id='word_1_439' title='bbox 947 2038 1033 2063; x_wconf 81' lang='lat' dir='ltr'>regua</span> <span class='ocrx_word' id='word_1_440' title='bbox 1050 2029 1152 2061; x_wconf 71' lang='lat' dir='ltr'>Sicilie,</span> <span class='ocrx_word' id='word_1_441' title='bbox 1178 2029 1315 2059; x_wconf 82' lang='lat' dir='ltr'>Sardinie,</span> <span class='ocrx_word' id='word_1_442' title='bbox 1340 2029 1459 2059; x_wconf 85' lang='lat' dir='ltr'>Corsice,</span> <span class='ocrx_word' id='word_1_443' title='bbox 1484 2038 1537 2062; x_wconf 79' lang='lat' dir='ltr'>que</span> <span class='ocrx_word' id='word_1_444' title='bbox 1561 2029 1594 2055; x_wconf 90' lang='lat' dir='ltr'>de</span> <span class='ocrx_word' id='word_1_445' title='bbox 1611 2029 1735 2055; x_wconf 87' lang='lat' dir='ltr'>dominio</span> <span class='ocrx_word' id='word_1_446' title='bbox 1759 2029 1874 2059; x_wconf 83' lang='lat' dir='ltr'>directo,</span> <span class='ocrx_word' id='word_1_447' title='bbox 1899 2029 1958 2056; x_wconf 87' lang='lat' dir='ltr'>iure</span> 
     </span>
     <span class='ocr_line' id='line_1_40' title="bbox 313 2080 1959 2113; baseline -0.001 -6"><span class='ocrx_word' id='word_1_448' title='bbox 313 2084 337 2107; x_wconf 83' lang='lat' dir='ltr'>et</span> <span class='ocrx_word' id='word_1_449' title='bbox 365 2081 447 2107; x_wconf 84' lang='lat' dir='ltr'>feudo</span> <span class='ocrx_word' id='word_1_450' title='bbox 472 2081 595 2107; x_wconf 74' lang='lat' dir='ltr'>eiusdem</span> <span class='ocrx_word' id='word_1_451' title='bbox 620 2081 744 2107; x_wconf 79' lang='lat' dir='ltr'>Romane</span> <span class='ocrx_word' id='word_1_452' title='bbox 769 2081 884 2107; x_wconf 68' lang='lat' dir='ltr'>ecclesie</span> <span class='ocrx_word' id='word_1_453' title='bbox 914 2090 973 2107; x_wconf 82' lang='lat' dir='ltr'>esse</span> <span class='ocrx_word' id='word_1_454' title='bbox 998 2082 1163 2109; x_wconf 84' lang='lat' dir='ltr'>noscuntur,</span> <span class='ocrx_word' id='word_1_455' title='bbox 1195 2090 1246 2106; x_wconf 86' lang='grc'><strong>1100</strong></span> <span class='ocrx_word' id='word_1_456' title='bbox 1274 2081 1330 2106; x_wconf 83' lang='lat' dir='ltr'>alia</span> <span class='ocrx_word' id='word_1_457' title='bbox 1358 2080 1454 2111; x_wconf 77' lang='lat' dir='ltr'>feuda,</span> <span class='ocrx_word' id='word_1_458' title='bbox 1486 2080 1648 2106; x_wconf 76' lang='lat' dir='ltr'>retrofeuda</span> <span class='ocrx_word' id='word_1_459' title='bbox 1677 2089 1724 2106; x_wconf 82' lang='lat' dir='ltr'>seu</span> <span class='ocrx_word' id='word_1_460' title='bbox 1753 2080 1879 2113; x_wconf 83' lang='lat' dir='ltr'>quelibet</span> <span class='ocrx_word' id='word_1_461' title='bbox 1903 2081 1959 2106; x_wconf 85' lang='lat' dir='ltr'>alia</span> 
     </span>
     <span class='ocr_line' id='line_1_41' title="bbox 314 2131 1960 2165; baseline -0.001 -7"><span class='ocrx_word' id='word_1_462' title='bbox 314 2134 374 2158; x_wconf 67' lang='lat' dir='ltr'>loca</span> <span class='ocrx_word' id='word_1_463' title='bbox 404 2133 438 2157; x_wconf 87' lang='lat' dir='ltr'>ad</span> <span class='ocrx_word' id='word_1_464' title='bbox 469 2133 584 2158; x_wconf 66' lang='lat' dir='ltr'>candem</span> <span class='ocrx_word' id='word_1_465' title='bbox 610 2132 755 2158; x_wconf 79' lang='lat' dir='ltr'>ecclesiam</span> <span class='ocrx_word' id='word_1_466' title='bbox 779 2132 900 2157; x_wconf 81' lang='lat' dir='ltr'>mediate</span> <span class='ocrx_word' id='word_1_467' title='bbox 926 2132 969 2158; x_wconf 81' lang='lat' dir='ltr'>vel</span> <span class='ocrx_word' id='word_1_468' title='bbox 993 2132 1154 2158; x_wconf 81' lang='lat' dir='ltr'>immediate</span> <span class='ocrx_word' id='word_1_469' title='bbox 1179 2132 1339 2165; x_wconf 80' lang='lat' dir='ltr'>spectantia</span> <span class='ocrx_word' id='word_1_470' title='bbox 1374 2140 1424 2157; x_wconf 86' lang='lat' dir='ltr'>nec</span> <span class='ocrx_word' id='word_1_471' title='bbox 1449 2131 1522 2162; x_wconf 84' lang='lat' dir='ltr'>iura,</span> <span class='ocrx_word' id='word_1_472' title='bbox 1552 2140 1685 2165; x_wconf 81' lang='lat' dir='ltr'>personas</span> <span class='ocrx_word' id='word_1_473' title='bbox 1711 2131 1753 2157; x_wconf 89' lang='lat' dir='ltr'>vel</span> <span class='ocrx_word' id='word_1_474' title='bbox 1782 2140 1825 2157; x_wconf 88' lang='lat' dir='ltr'>res</span> <span class='ocrx_word' id='word_1_475' title='bbox 1850 2131 1960 2165; x_wconf 83' lang='lat' dir='ltr'>aliquas</span> 
     </span>
     <span class='ocr_line' id='line_1_42' title="bbox 314 2183 1960 2217; baseline 0 -9"><span class='ocrx_word' id='word_1_476' title='bbox 314 2184 341 2208; x_wconf 91' lang='lat' dir='ltr'>in</span> <span class='ocrx_word' id='word_1_477' title='bbox 378 2184 496 2214; x_wconf 73' lang='lat' dir='ltr'>eisdem,</span> <span class='ocrx_word' id='word_1_478' title='bbox 531 2192 581 2209; x_wconf 87' lang='lat' dir='ltr'>nec</span> <span class='ocrx_word' id='word_1_479' title='bbox 617 2183 757 2215; x_wconf 71' lang='lat' dir='ltr'>aliquibus</span> <span class='ocrx_word' id='word_1_480' title='bbox 790 2183 988 2209; x_wconf 82' lang='lat' dir='ltr'>invadentibus</span> <span class='ocrx_word' id='word_1_481' title='bbox 1023 2192 1072 2209; x_wconf 86' lang='lat' dir='ltr'>seu</span> <span class='ocrx_word' id='word_1_482' title='bbox 1106 2183 1310 2217; x_wconf 86' lang='lat' dir='ltr'>occupantibus</span> <span class='ocrx_word' id='word_1_483' title='bbox 1344 2183 1387 2209; x_wconf 76' lang='lat' dir='ltr'>vel</span> <span class='ocrx_word' id='word_1_484' title='bbox 1418 2183 1631 2215; x_wconf 78' lang='lat' dir='ltr'>quomodolibet</span> <span class='ocrx_word' id='word_1_485' title='bbox 1661 2183 1874 2216; x_wconf 74' lang='lat' dir='ltr'>usurpantibus,</span> <span class='ocrx_word' id='word_1_486' title='bbox 1912 2192 1960 2209; x_wconf 88' lang='lat' dir='ltr'>seu</span> 
     </span>
     <span class='ocr_line' id='line_1_43' title="bbox 314 2234 1958 2268; baseline 0.001 -9"><span class='ocrx_word' id='word_1_487' title='bbox 314 2235 453 2261; x_wconf 68' lang='lat' dir='ltr'>invadere.</span> <span class='ocrx_word' id='word_1_488' title='bbox 479 2243 615 2267; x_wconf 67' lang='grc'><strong>0000111110</strong></span> <span class='ocrx_word' id='word_1_489' title='bbox 641 2235 683 2260; x_wconf 86' lang='lat' dir='ltr'>vel</span> <span class='ocrx_word' id='word_1_490' title='bbox 707 2235 920 2267; x_wconf 77' lang='lat' dir='ltr'>quomodolibet</span> <span class='ocrx_word' id='word_1_491' title='bbox 944 2243 1079 2268; x_wconf 80' lang='lat' dir='ltr'>usurpare</span> <span class='ocrx_word' id='word_1_492' title='bbox 1097 2235 1335 2268; x_wconf 77' lang='lat' dir='ltr'>attemptantibus</span> <span class='ocrx_word' id='word_1_493' title='bbox 1361 2243 1408 2260; x_wconf 87' lang='lat' dir='ltr'>seu</span> <span class='ocrx_word' id='word_1_494' title='bbox 1426 2234 1585 2260; x_wconf 82' lang='lat' dir='ltr'>volentibus</span> <span class='ocrx_word' id='word_1_495' title='bbox 1603 2234 1729 2267; x_wconf 81' lang='lat' dir='ltr'>predicta</span> <span class='ocrx_word' id='word_1_496' title='bbox 1753 2243 1840 2267; x_wconf 74' lang='lat' dir='ltr'>regna</span> <span class='ocrx_word' id='word_1_497' title='bbox 1857 2234 1958 2265; x_wconf 82' lang='lat' dir='ltr'>Sicilie,</span> 
     </span>
     <span class='ocr_line' id='line_1_44' title="bbox 314 2285 1957 2319; baseline 0 -8"><span class='ocrx_word' id='word_1_498' title='bbox 314 2286 440 2311; x_wconf 74' lang='lat' dir='ltr'>Sardinie</span> <span class='ocrx_word' id='word_1_499' title='bbox 466 2286 508 2311; x_wconf 74' lang='lat' dir='ltr'>vel</span> <span class='ocrx_word' id='word_1_500' title='bbox 533 2285 643 2311; x_wconf 61' lang='lat' dir='ltr'>Corsici:</span> <span class='ocrx_word' id='word_1_501' title='bbox 667 2295 714 2311; x_wconf 75' lang='lat' dir='ltr'>seu</span> <span class='ocrx_word' id='word_1_502' title='bbox 740 2286 854 2311; x_wconf 81' lang='lat' dir='ltr'>Romam</span> <span class='ocrx_word' id='word_1_503' title='bbox 880 2288 929 2311; x_wconf 83' lang='lat' dir='ltr'>aut</span> <span class='ocrx_word' id='word_1_504' title='bbox 954 2286 1125 2319; x_wconf 73' lang='lat' dir='ltr'>provincias,</span> <span class='ocrx_word' id='word_1_505' title='bbox 1150 2287 1282 2317; x_wconf 80' lang='lat' dir='ltr'>ducatus,</span> <span class='ocrx_word' id='word_1_506' title='bbox 1316 2285 1562 2317; x_wconf 66' lang='lat' dir='ltr'>marchionatum,</span> <span class='ocrx_word' id='word_1_507' title='bbox 1595 2285 1758 2313; x_wconf 78' lang='lat' dir='ltr'>comitatus,</span> <span class='ocrx_word' id='word_1_508' title='bbox 1794 2285 1957 2313; x_wconf 79' lang='lat' dir='ltr'>Ferrariam,</span> 
     </span>
     <span class='ocr_line' id='line_1_45' title="bbox 315 2336 1960 2370; baseline 0 -8"><span class='ocrx_word' id='word_1_509' title='bbox 315 2337 453 2364; x_wconf 77' lang='lat' dir='ltr'>civitates,</span> <span class='ocrx_word' id='word_1_510' title='bbox 478 2337 569 2370; x_wconf 75' lang='lat' dir='ltr'>opida,</span> <span class='ocrx_word' id='word_1_511' title='bbox 594 2339 694 2365; x_wconf 79' lang='lat' dir='ltr'>castra,</span> <span class='ocrx_word' id='word_1_512' title='bbox 719 2339 808 2362; x_wconf 85' lang='lat' dir='ltr'>terras</span> <span class='ocrx_word' id='word_1_513' title='bbox 833 2337 902 2362; x_wconf 80' lang='lat' dir='ltr'>alias</span> <span class='ocrx_word' id='word_1_514' title='bbox 927 2346 974 2363; x_wconf 84' lang='lat' dir='ltr'>seu</span> <span class='ocrx_word' id='word_1_515' title='bbox 993 2337 1137 2363; x_wconf 86' lang='lat' dir='ltr'>territoria</span> <span class='ocrx_word' id='word_1_516' title='bbox 1154 2338 1197 2363; x_wconf 80' lang='lat' dir='ltr'>vel</span> <span class='ocrx_word' id='word_1_517' title='bbox 1222 2338 1283 2363; x_wconf 82' lang='lat' dir='ltr'>loca</span> <span class='ocrx_word' id='word_1_518' title='bbox 1300 2337 1415 2362; x_wconf 78' lang='lat' dir='ltr'>ecclesie</span> <span class='ocrx_word' id='word_1_519' title='bbox 1433 2337 1557 2362; x_wconf 71' lang='lat' dir='ltr'>Romane</span> <span class='ocrx_word' id='word_1_520' title='bbox 1582 2345 1629 2362; x_wconf 83' lang='lat' dir='ltr'>seu</span> <span class='ocrx_word' id='word_1_521' title='bbox 1654 2336 1689 2361; x_wconf 82' lang='lat' dir='ltr'>ad</span> <span class='ocrx_word' id='word_1_522' title='bbox 1706 2336 1795 2369; x_wconf 82' lang='lat' dir='ltr'>ipsam</span> <span class='ocrx_word' id='word_1_523' title='bbox 1813 2336 1960 2362; x_wconf 77' lang='lat' dir='ltr'>ecclesiam</span> 
     </span>
     <span class='ocr_line' id='line_1_46' title="bbox 315 2385 1958 2420; baseline -0.001 -8"><span class='ocrx_word' id='word_1_524' title='bbox 315 2387 435 2413; x_wconf 83' lang='lat' dir='ltr'>mediate</span> <span class='ocrx_word' id='word_1_525' title='bbox 457 2388 499 2412; x_wconf 75' lang='lat' dir='ltr'>vel</span> <span class='ocrx_word' id='word_1_526' title='bbox 519 2387 668 2412; x_wconf 67' lang='lat' dir='ltr'>immediate</span> <span class='ocrx_word' id='word_1_527' title='bbox 689 2387 858 2419; x_wconf 80' lang='lat' dir='ltr'>spectantia,</span> <span class='ocrx_word' id='word_1_528' title='bbox 879 2387 935 2412; x_wconf 74' lang='lat' dir='ltr'>sive</span> <span class='ocrx_word' id='word_1_529' title='bbox 956 2387 1011 2412; x_wconf 82' lang='lat' dir='ltr'>sint</span> <span class='ocrx_word' id='word_1_530' title='bbox 1031 2387 1104 2412; x_wconf 82' lang='lat' dir='ltr'>iutra</span> <span class='ocrx_word' id='word_1_531' title='bbox 1124 2387 1236 2414; x_wconf 80' lang='lat' dir='ltr'>ltaliam</span> <span class='ocrx_word' id='word_1_532' title='bbox 1262 2386 1319 2412; x_wconf 83' lang='lat' dir='ltr'>sive</span> <span class='ocrx_word' id='word_1_533' title='bbox 1342 2389 1419 2412; x_wconf 76' lang='lat' dir='ltr'>extra</span> <span class='ocrx_word' id='word_1_534' title='bbox 1441 2386 1560 2416; x_wconf 78' lang='lat' dir='ltr'>ltaliam,</span> <span class='ocrx_word' id='word_1_535' title='bbox 1581 2395 1627 2412; x_wconf 76' lang='lat' dir='ltr'>seu</span> <span class='ocrx_word' id='word_1_536' title='bbox 1648 2385 1743 2418; x_wconf 81' lang='lat' dir='ltr'>aliqua</span> <span class='ocrx_word' id='word_1_537' title='bbox 1763 2386 1958 2420; x_wconf 80' lang='lat' dir='ltr'>predictorum,</span> 
     </span>
     <span class='ocr_line' id='line_1_47' title="bbox 315 2437 1959 2470; baseline -0.001 -7"><span class='ocrx_word' id='word_1_538' title='bbox 315 2448 366 2463; x_wconf 71' lang='grc'><strong>111111</strong></span> <span class='ocrx_word' id='word_1_539' title='bbox 395 2438 551 2463; x_wconf 76' lang='lat' dir='ltr'>iuvabimus</span> <span class='ocrx_word' id='word_1_540' title='bbox 575 2446 623 2463; x_wconf 85' lang='grc'><strong>1100</strong></span> <span class='ocrx_word' id='word_1_541' title='bbox 655 2438 693 2462; x_wconf 81' lang='lat' dir='ltr'>eis</span> <span class='ocrx_word' id='word_1_542' title='bbox 717 2437 922 2467; x_wconf 66' lang='lat' dir='ltr'>adlierebimus,</span> <span class='ocrx_word' id='word_1_543' title='bbox 953 2447 1002 2463; x_wconf 81' lang='lat' dir='ltr'>nee</span> <span class='ocrx_word' id='word_1_544' title='bbox 1032 2438 1100 2470; x_wconf 81' lang='lat' dir='ltr'>ipsis</span> <span class='ocrx_word' id='word_1_545' title='bbox 1125 2438 1209 2463; x_wconf 76' lang='lat' dir='ltr'>etiam</span> <span class='ocrx_word' id='word_1_546' title='bbox 1233 2437 1360 2463; x_wconf 85' lang='lat' dir='ltr'>dabimus</span> <span class='ocrx_word' id='word_1_547' title='bbox 1387 2437 1548 2470; x_wconf 83' lang='lat' dir='ltr'>aliqualiter</span> <span class='ocrx_word' id='word_1_548' title='bbox 1571 2437 1717 2467; x_wconf 81' lang='lat' dir='ltr'>auxilium,</span> <span class='ocrx_word' id='word_1_549' title='bbox 1747 2437 1891 2463; x_wconf 83' lang='lat' dir='ltr'>consilium</span> <span class='ocrx_word' id='word_1_550' title='bbox 1917 2438 1959 2464; x_wconf 85' lang='lat' dir='ltr'>vel</span> 
     </span>
     <span class='ocr_line' id='line_1_48' title="bbox 314 2488 1960 2521; baseline -0.001 -6"><span class='ocrx_word' id='word_1_551' title='bbox 314 2492 449 2519; x_wconf 71' lang='lat' dir='ltr'>favorem,</span> <span class='ocrx_word' id='word_1_552' title='bbox 478 2489 544 2521; x_wconf 83' lang='lat' dir='ltr'>quin</span> <span class='ocrx_word' id='word_1_553' title='bbox 573 2497 636 2521; x_wconf 70' lang='lat' dir='ltr'>ymo</span> <span class='ocrx_word' id='word_1_554' title='bbox 661 2497 846 2521; x_wconf 75' lang='lat' dir='ltr'>quoscumque</span> <span class='ocrx_word' id='word_1_555' title='bbox 867 2489 1040 2517; x_wconf 84' lang='lat' dir='ltr'>invadentes,</span> <span class='ocrx_word' id='word_1_556' title='bbox 1070 2491 1238 2521; x_wconf 75' lang='lat' dir='ltr'>occupantes</span> <span class='ocrx_word' id='word_1_557' title='bbox 1262 2498 1308 2514; x_wconf 86' lang='lat' dir='ltr'>seu</span> <span class='ocrx_word' id='word_1_558' title='bbox 1334 2488 1543 2521; x_wconf 81' lang='lat' dir='ltr'>quomodolibet</span> <span class='ocrx_word' id='word_1_559' title='bbox 1568 2490 1734 2521; x_wconf 87' lang='lat' dir='ltr'>usurpantes</span> <span class='ocrx_word' id='word_1_560' title='bbox 1752 2497 1798 2514; x_wconf 87' lang='lat' dir='ltr'>seu</span> <span class='ocrx_word' id='word_1_561' title='bbox 1819 2488 1960 2518; x_wconf 84' lang='lat' dir='ltr'>invadere,</span> 
     </span>
     <span class='ocr_line' id='line_1_49' title="bbox 315 2539 1958 2573; baseline -0.001 -7"><span class='ocrx_word' id='word_1_562' title='bbox 315 2550 450 2573; x_wconf 76' lang='lat' dir='ltr'>occupare</span> <span class='ocrx_word' id='word_1_563' title='bbox 471 2540 513 2565; x_wconf 78' lang='lat' dir='ltr'>vel</span> <span class='ocrx_word' id='word_1_564' title='bbox 541 2549 671 2572; x_wconf 81' lang='lat' dir='ltr'>usurpare</span> <span class='ocrx_word' id='word_1_565' title='bbox 698 2540 820 2565; x_wconf 72' lang='lat' dir='ltr'>volentes</span> <span class='ocrx_word' id='word_1_566' title='bbox 842 2540 883 2565; x_wconf 73' lang='lat' dir='ltr'>vel</span> <span class='ocrx_word' id='word_1_567' title='bbox 908 2541 1110 2572; x_wconf 73' lang='lat' dir='ltr'>attemptantes</span> <span class='ocrx_word' id='word_1_568' title='bbox 1134 2540 1210 2565; x_wconf 82' lang='lat' dir='ltr'>dicta</span> <span class='ocrx_word' id='word_1_569' title='bbox 1235 2548 1320 2573; x_wconf 69' lang='lat' dir='ltr'>regna</span> <span class='ocrx_word' id='word_1_570' title='bbox 1343 2539 1452 2570; x_wconf 81' lang='lat' dir='ltr'>Sicilie,</span> <span class='ocrx_word' id='word_1_571' title='bbox 1477 2539 1601 2565; x_wconf 75' lang='lat' dir='ltr'>Sardiuie</span> <span class='ocrx_word' id='word_1_572' title='bbox 1626 2541 1654 2565; x_wconf 88' lang='lat' dir='ltr'>et</span> <span class='ocrx_word' id='word_1_573' title='bbox 1680 2539 1787 2565; x_wconf 76' lang='lat' dir='ltr'>Corsice</span> <span class='ocrx_word' id='word_1_574' title='bbox 1812 2541 1840 2565; x_wconf 85' lang='lat' dir='ltr'>et</span> <span class='ocrx_word' id='word_1_575' title='bbox 1864 2539 1958 2565; x_wconf 87' lang='lat' dir='ltr'>urbem</span> 
     </span>
     <span class='ocr_line' id='line_1_50' title="bbox 315 2590 1958 2623; baseline -0.001 -6"><span class='ocrx_word' id='word_1_576' title='bbox 315 2592 467 2618; x_wconf 82' lang='lat' dir='ltr'>Romanam</span> <span class='ocrx_word' id='word_1_577' title='bbox 488 2600 518 2617; x_wconf 78' lang='lat' dir='ltr'>ac</span> <span class='ocrx_word' id='word_1_578' title='bbox 539 2591 667 2621; x_wconf 59' lang='lat' dir='ltr'>ducatus,</span> <span class='ocrx_word' id='word_1_579' title='bbox 688 2591 918 2620; x_wconf 80' lang='lat' dir='ltr'>marchionatus,</span> <span class='ocrx_word' id='word_1_580' title='bbox 939 2591 1099 2619; x_wconf 52' lang='lat' dir='ltr'>(minitatus,</span> <span class='ocrx_word' id='word_1_581' title='bbox 1121 2591 1285 2623; x_wconf 76' lang='lat' dir='ltr'>provincias.</span> <span class='ocrx_word' id='word_1_582' title='bbox 1306 2590 1468 2618; x_wconf 83' lang='lat' dir='ltr'>Ferrariam,</span> <span class='ocrx_word' id='word_1_583' title='bbox 1489 2590 1627 2619; x_wconf 72' lang='lat' dir='ltr'>civitates,</span> <span class='ocrx_word' id='word_1_584' title='bbox 1648 2593 1738 2616; x_wconf 66' lang='lat' dir='ltr'>castra</span> <span class='ocrx_word' id='word_1_585' title='bbox 1758 2593 1786 2616; x_wconf 90' lang='lat' dir='ltr'>et</span> <span class='ocrx_word' id='word_1_586' title='bbox 1805 2592 1892 2616; x_wconf 85' lang='lat' dir='ltr'>terras</span> <span class='ocrx_word' id='word_1_587' title='bbox 1912 2599 1958 2616; x_wconf 87' lang='lat' dir='ltr'>seu</span> 
     </span>
     <span class='ocr_line' id='line_1_51' title="bbox 316 2640 1957 2676; baseline -0.001 -9"><span class='ocrx_word' id='word_1_588' title='bbox 316 2643 412 2676; x_wconf 69' lang='lat' dir='ltr'>quevis</span> <span class='ocrx_word' id='word_1_589' title='bbox 432 2643 484 2668; x_wconf 75' lang='lat' dir='ltr'>alia</span> <span class='ocrx_word' id='word_1_590' title='bbox 508 2643 568 2668; x_wconf 76' lang='lat' dir='ltr'>loca</span> <span class='ocrx_word' id='word_1_591' title='bbox 588 2643 709 2667; x_wconf 79' lang='lat' dir='ltr'>Romane</span> <span class='ocrx_word' id='word_1_592' title='bbox 729 2641 845 2668; x_wconf 57' lang='lat' dir='ltr'>ecclesie</span> <span class='ocrx_word' id='word_1_593' title='bbox 861 2642 902 2667; x_wconf 77' lang='lat' dir='ltr'>vel</span> <span class='ocrx_word' id='word_1_594' title='bbox 923 2641 1018 2674; x_wconf 75' lang='lat' dir='ltr'>aliqua</span> <span class='ocrx_word' id='word_1_595' title='bbox 1037 2651 1069 2667; x_wconf 73' lang='lat' dir='ltr'>ex</span> <span class='ocrx_word' id='word_1_596' title='bbox 1089 2642 1191 2667; x_wconf 75' lang='lat' dir='ltr'>eisdem</span> <span class='ocrx_word' id='word_1_597' title='bbox 1206 2642 1377 2667; x_wconf 77' lang='lat' dir='ltr'>retrahemus</span> <span class='ocrx_word' id='word_1_598' title='bbox 1398 2643 1425 2667; x_wconf 87' lang='lat' dir='ltr'>et</span> <span class='ocrx_word' id='word_1_599' title='bbox 1440 2641 1621 2675; x_wconf 81' lang='lat' dir='ltr'>impediemus</span> <span class='ocrx_word' id='word_1_600' title='bbox 1641 2650 1720 2675; x_wconf 62' lang='lat' dir='ltr'>posse</span> <span class='ocrx_word' id='word_1_601' title='bbox 1734 2644 1834 2671; x_wconf 83' lang='lat' dir='ltr'>nostro,</span> <span class='ocrx_word' id='word_1_602' title='bbox 1854 2640 1957 2667; x_wconf 79' lang='lat' dir='ltr'>eisdem</span> 
     </span>
     <span class='ocr_line' id='line_1_52' title="bbox 317 2693 1957 2727; baseline -0.001 -8"><span class='ocrx_word' id='word_1_603' title='bbox 317 2706 363 2720; x_wconf 59' lang='lat' dir='ltr'>uos</span> <span class='ocrx_word' id='word_1_604' title='bbox 384 2704 444 2719; x_wconf 72' lang='lat' dir='ltr'>cum</span> <span class='ocrx_word' id='word_1_605' title='bbox 465 2694 547 2719; x_wconf 72' lang='lat' dir='ltr'>armis</span> <span class='ocrx_word' id='word_1_606' title='bbox 568 2694 731 2727; x_wconf 77' lang='lat' dir='ltr'>opponendo</span> <span class='ocrx_word' id='word_1_607' title='bbox 751 2696 786 2721; x_wconf 81' lang='lat' dir='ltr'>et,</span> <span class='ocrx_word' id='word_1_608' title='bbox 808 2703 839 2719; x_wconf 86' lang='lat' dir='ltr'>ne</span> <span class='ocrx_word' id='word_1_609' title='bbox 860 2697 974 2720; x_wconf 69' lang='grc'><strong>0011111113</strong></span> <span class='ocrx_word' id='word_1_610' title='bbox 994 2695 1092 2720; x_wconf 83' lang='lat' dir='ltr'>talium</span> <span class='ocrx_word' id='word_1_611' title='bbox 1113 2694 1241 2720; x_wconf 74' lang='lat' dir='ltr'>effectum</span> <span class='ocrx_word' id='word_1_612' title='bbox 1261 2694 1373 2723; x_wconf 78' lang='lat' dir='ltr'>habeat,</span> <span class='ocrx_word' id='word_1_613' title='bbox 1395 2702 1455 2719; x_wconf 84' lang='lat' dir='ltr'>cum</span> <span class='ocrx_word' id='word_1_614' title='bbox 1476 2695 1535 2719; x_wconf 81' lang='lat' dir='ltr'>tota</span> <span class='ocrx_word' id='word_1_615' title='bbox 1550 2693 1678 2726; x_wconf 81' lang='lat' dir='ltr'>potentia</span> <span class='ocrx_word' id='word_1_616' title='bbox 1697 2695 1791 2718; x_wconf 80' lang='lat' dir='ltr'>nostra</span> <span class='ocrx_word' id='word_1_617' title='bbox 1805 2693 1957 2719; x_wconf 82' lang='lat' dir='ltr'>resistendo</span> 
     </span>
    </p>
   </div>
   <div class='ocr_carea' id='block_1_14' title="bbox 315 2743 1958 2779">
    <p class='ocr_par' dir='ltr' id='par_1_14' title="bbox 315 2743 1958 2779">
     <span class='ocr_line' id='line_1_53' title="bbox 315 2743 1958 2779; baseline -0.002 -8"><span class='ocrx_word' id='word_1_618' title='bbox 315 2757 347 2771; x_wconf 66' lang='lat' dir='ltr'>a:-</span> <span class='ocrx_word' id='word_1_619' title='bbox 370 2746 447 2772; x_wconf 67' lang='lat' dir='ltr'>vobis</span> <span class='ocrx_word' id='word_1_620' title='bbox 468 2749 495 2771; x_wconf 80' lang='lat' dir='ltr'>et</span> <span class='ocrx_word' id='word_1_621' title='bbox 514 2746 628 2771; x_wconf 71' lang='lat' dir='ltr'>ecclesie</span> <span class='ocrx_word' id='word_1_622' title='bbox 651 2746 772 2771; x_wconf 65' lang='grc'><strong>1101011110</strong></span> <span class='ocrx_word' id='word_1_623' title='bbox 792 2754 839 2778; x_wconf 84' lang='lat' dir='ltr'>pro</span> <span class='ocrx_word' id='word_1_624' title='bbox 859 2746 1015 2771; x_wconf 64' lang='lat' dir='ltr'>defensione</span> <span class='ocrx_word' id='word_1_625' title='bbox 1030 2755 1182 2779; x_wconf 71' lang='lat' dir='ltr'>regnorum,</span> <span class='ocrx_word' id='word_1_626' title='bbox 1204 2745 1418 2778; x_wconf 63' lang='lat' dir='ltr'>provinciarum,</span> <span class='ocrx_word' id='word_1_627' title='bbox 1439 2748 1573 2770; x_wconf 77' lang='lat' dir='ltr'>terrarum</span> <span class='ocrx_word' id='word_1_628' title='bbox 1595 2747 1621 2770; x_wconf 85' lang='lat' dir='ltr'>et</span> <span class='ocrx_word' id='word_1_629' title='bbox 1636 2744 1757 2770; x_wconf 81' lang='lat' dir='ltr'>locorum</span> <span class='ocrx_word' id='word_1_630' title='bbox 1772 2743 1958 2777; x_wconf 84' lang='lat' dir='ltr'>predictorum</span> 
     </span>
    </p>
   </div>
   <div class='ocr_carea' id='block_1_15' title="bbox 1977 699 2001 718">
    <p class='ocr_par' dir='ltr' id='par_1_15' title="bbox 1977 699 2001 718">
     <span class='ocr_line' id='line_1_54' title="bbox 1977 699 2001 718; baseline 0 0"><span class='ocrx_word' id='word_1_631' title='bbox 1977 699 2001 718; x_wconf 90' lang='lat'>10</span> 
     </span>
    </p>
   </div>
   <div class='ocr_carea' id='block_1_16' title="bbox 1979 972 2001 990">
    <p class='ocr_par' dir='ltr' id='par_1_16' title="bbox 1979 972 2001 990">
     <span class='ocr_line' id='line_1_55' title="bbox 1979 972 2001 990; baseline 0 0"><span class='ocrx_word' id='word_1_632' title='bbox 1979 972 2001 990; x_wconf 67' lang='lat'>15</span> 
     </span>
    </p>
   </div>
   <div class='ocr_carea' id='block_1_17' title="bbox 1977 1251 2002 1270">
    <p class='ocr_par' dir='ltr' id='par_1_17' title="bbox 1977 1251 2002 1270">
     <span class='ocr_line' id='line_1_56' title="bbox 1977 1251 2002 1270; baseline 0.04 -1"><span class='ocrx_word' id='word_1_633' title='bbox 1977 1251 2002 1270; x_wconf 84' lang='lat'>20</span> 
     </span>
    </p>
   </div>
   <div class='ocr_carea' id='block_1_18' title="bbox 1978 1508 2002 1527">
    <p class='ocr_par' dir='ltr' id='par_1_18' title="bbox 1978 1508 2002 1527">
     <span class='ocr_line' id='line_1_57' title="bbox 1978 1508 2002 1527; baseline 0.042 -1"><span class='ocrx_word' id='word_1_634' title='bbox 1978 1508 2002 1527; x_wconf 80' lang='lat'>25</span> 
     </span>
    </p>
   </div>
   <div class='ocr_carea' id='block_1_19' title="bbox 1979 2038 2002 2056">
    <p class='ocr_par' dir='ltr' id='par_1_19' title="bbox 1979 2038 2002 2056">
     <span class='ocr_line' id='line_1_58' title="bbox 1979 2038 2002 2056; baseline 0 0"><span class='ocrx_word' id='word_1_635' title='bbox 1979 2038 2002 2056; x_wconf 73' lang='lat'>35</span> 
     </span>
    </p>
   </div>
   <div class='ocr_carea' id='block_1_20' title="bbox 1978 2291 2004 2308">
    <p class='ocr_par' dir='ltr' id='par_1_20' title="bbox 1978 2291 2004 2308">
     <span class='ocr_line' id='line_1_59' title="bbox 1978 2291 2004 2308; baseline 0 0"><span class='ocrx_word' id='word_1_636' title='bbox 1978 2291 2004 2308; x_wconf 72' lang='lat'>40</span> 
     </span>
    </p>
   </div>
   <div class='ocr_carea' id='block_1_21' title="bbox 1978 2548 2004 2566">
    <p class='ocr_par' dir='ltr' id='par_1_21' title="bbox 1978 2548 2004 2566">
     <span class='ocr_line' id='line_1_60' title="bbox 1978 2548 2004 2566; baseline 0 0"><span class='ocrx_word' id='word_1_637' title='bbox 1978 2548 2004 2566; x_wconf 73' lang='lat'>45</span> 
     </span>
    </p>
   </div>
  </div>
 </body>
</html>
