2189 2984
337 164 398 191 44ss
800 159 894 185 ACTA
917 158 1026 184 REGNI
1049 154 1248 184 KAnOLI‘IV.
1286 157 1360 183 1347.
1398 155 1445 182 Nr.
1459 156 1517 183 402.

443 245 581 276 Karolus
594 244 656 276 Dci
673 246 781 286 gracia
793 244 1010 276 Romanorum
1029 255 1084 275 rex
1101 254 1228 284 semper
1245 245 1397 284 augustus
1414 246 1446 273 et
1458 242 1593 273 Bocmie
1610 252 1667 273 rex
1733 243 1887 273 universis
1904 245 1984 275 sacri

336 297 472 328 Romani
489 297 614 337 imperii
631 295 779 327 fidelibus
795 300 960 336 presentes
978 296 1100 326 litteras
1117 295 1305 336 inspecturis
1376 294 1517 335 graciam
1534 303 1623 324 suam
1642 296 1673 325 ct
1690 304 1782 325 omne
1797 293 1926 325 bonum.

250 358 308 376 13:⁴¹1.
446 353 488 378 Ad
512 353 564 379 hoc
588 361 681 378 sumus
705 352 734 378 in
758 352 916 378 maiestatis
940 352 1033 385 regie
1058 351 1128 378 solio
1153 351 1289 377 divinitus
1313 350 1471 381 constituti,
1495 351 1527 375 ut
1550 349 1629 376 iuxta
1652 351 1735 384 gesta
1756 350 1984 384 predecessorum

338 407 498 431 nostrorum
530 403 683 430 illustrium
716 403 843 430 divorum
873 403 1062 429 Romanorum
1093 403 1294 436 imperatorum
1330 402 1359 427 et
1394 410 1490 435 regum
1525 401 1629 428 nostris
1664 403 1693 428 et
1723 401 1834 435 imperii
1865 401 1985 428 subditis

252 461 308 480 1:92.
339 458 367 482 ct
391 455 518 481 fidelibus
542 463 722 489 procuremus
746 454 823 488 pacis
847 454 951 487 qnietis
975 463 1007 480 ac
1029 454 1127 480 salutis
1148 453 1323 480 commodum
1349 454 1378 479 et
1393 454 1585 487 augmentum.
1624 453 1709 487 Regie
1727 449 1811 479 enim
1828 453 1985 480 maiestatis
2017 460 2029 479 5

338 507 500 539 ordinacio,
535 506 569 533 de
603 515 659 539 qua
693 506 768 539 leges
802 508 937 537 manant,
973 515 1022 539 per
1056 514 1139 539 quam
1174 504 1390 531 consuetudines
1425 504 1597 536 subsistunt,
1636 504 1795 538 subscripta
1828 504 1890 531 iura
1928 505 1985 530 suis

336 556 508 584 «ruiti-aclidit
527 556 636 586 incolis,
661 558 692 583 nt
711 556 765 582 hiis
790 556 912 583 contenti
940 558 1070 589 pacatam
1095 555 1181 581 vitam
1207 555 1330 581 habeant
1354 563 1501 588 eorumque
1526 556 1729 588 contemptores
1748 554 1841 589 legum
1861 554 1986 582 examine

338 608 498 642 puniantur.

446 663 470 691 l.
495 663 522 689 Si
536 663 597 696 quis
613 663 684 689 infra
698 663 819 689 bannum
834 662 915 697 burgi
930 662 1052 688 Sletstad
1068 662 1247 688 homicidium
1262 661 1438 691 commiserit,
1458 661 1551 695 capite
1564 662 1710 696 plectetur.
1743 662 1795 694 Qui
1812 662 1835 688 si
1850 662 1986 696 effugerit,

339 716 435 741 domus
455 714 512 741 eius
531 714 656 740 funditus
675 714 832 740 destruetur
851 716 879 740 et
898 713 969 739 infra
983 722 1083 739 annum
1104 722 1158 739 non
1172 712 1378 738 reedificabitur
1391 711 1533 745 omnisque
1547 713 1681 746 possessio
1695 713 1753 739 eius
1767 715 1824 740 tam
1840 713 1985 740 mobilium
2007 720 2031 738 ιο

339 775 421 800 quam
442 765 626 792 immobilium
645 766 717 791 infra
737 766 857 791 bannum
878 765 958 799 burgi
979 765 1097 791 Sletstat
1116 764 1170 790 sita
1190 766 1282 790 nostre
1302 764 1400 790 cedent
1420 763 1555 797 potestati
1574 766 1602 790 et
1622 763 1704 790 iudex
1722 766 1815 790 noster
1834 764 1896 798 ipsa
1914 765 1987 792 bona

339 817 390 843 sibi
407 817 561 850 usurpabit,
582 826 630 843 nec
649 825 779 850 umquam
794 825 932 850 regressus
951 816 975 842 ei
996 816 1022 841 in
1044 815 1187 842 civitatem
1208 815 1380 841 concedetur.
1412 814 1505 841 Finito
1524 824 1596 842 anno
1616 815 1729 842 heredes
1748 815 1807 842 eius
1826 818 1883 842 tres
1902 816 1988 843 libras

339 869 425 894 iudici
450 870 478 895 et
502 869 595 895 decem
616 868 693 894 nobis
713 868 871 901 persolvent
894 869 923 894 et
948 867 1093 894 licenciam
1121 866 1299 893 reedificandi
1324 865 1476 892 habebunt.
1512 865 1540 891 Si
1565 874 1628 892 vero
1652 866 1687 892 ad
1717 867 1851 893 iudicium
1875 867 1989 893 veniens

339 930 367 947 >e
390 920 565 946 innocentem
589 919 702 951 dixerit,
731 919 783 945 nisi
813 928 860 953 per
889 919 1011 946 duellum
1035 917 1300 948 convictusfuerit,
1329 917 1532 952 expurgacione
1557 917 1691 944 iuratoria
1718 918 1836 951 prestita
1865 918 1934 945 liber
1960 921 1988 945 et

340 960 498 1005 indempnis
517 971 578 997 erit.
2008 975 2032 993 15

448 1025 474 1053 2.
501 1026 679 1059 Quacumque
700 1025 787 1052 eciam
808 1026 876 1052 hora
895 1025 984 1051 noctis
999 1025 1040 1051 vel
1059 1025 1114 1050 diei
1133 1025 1165 1050 de
1179 1023 1329 1050 homicidio
1343 1023 1520 1056 queremonia
1537 1023 1623 1050 iudici
1642 1024 1726 1051 suerit
1739 1025 1843 1055 oblata,
1858 1025 1989 1052 continuo

341 1077 422 1103 iudex
442 1077 561 1111 pulsatis
580 1077 724 1110 campanis
743 1076 926 1102 universitate
946 1076 1049 1102 civium
1070 1077 1221 1101 convocata
1241 1074 1382 1106 iudicium,
1402 1074 1474 1101 sicut
1495 1075 1678 1109 prescriptum
1700 1078 1748 1108 est,
1768 1076 1854 1102 faciet
1872 1077 1905 1102 de
1920 1076 1988 1110 ipso.

446 1133 473 1160 3.
498 1132 525 1159 Si
553 1132 614 1165 quis
633 1131 766 1158 auxilium
792 1132 927 1159 evadendi
950 1131 1088 1157 homicide
1115 1130 1279 1164 prestiterit,
1304 1139 1377 1163 pena.
1402 1131 1553 1164 plectetur,
1580 1140 1636 1164 qua
1659 1139 1720 1158 reus
1744 1131 1899 1165 puniendus
1922 1134 1989 1161 erat,

343 1187 436 1217 preter
456 1184 508 1210 hoc
528 1184 600 1216 quod
620 1183 678 1210 sine
698 1183 858 1217 pulsacione
878 1191 1075 1216 campanarum
1094 1182 1227 1208 iudicium
1248 1182 1280 1208 de
1300 1182 1359 1215 ipso
1380 1182 1439 1212 fiat;
1463 1182 1536 1215 quod
1556 1182 1578 1208 si
1597 1182 1732 1209 auxilium
1752 1182 1872 1217 fugienti
1893 1183 1989 1217 presti-

343 1235 408 1261 tisse
429 1235 585 1269 negaverit,
604 1234 657 1260 nisi
677 1234 805 1261 similiter
824 1242 872 1268 per
891 1233 1012 1260 duellum
1033 1233 1176 1260 convictus
1195 1232 1287 1263 fuerit,
1307 1233 1510 1267 cxpurgacione
1530 1233 1665 1260 iuratoria
1683 1233 1803 1267 prestita
1823 1234 1990 1260 absolvetur.
2009 1238 2035 1257 20

447 1290 474 1317 4.
499 1290 526 1316 Si
540 1291 602 1323 quis
616 1290 688 1316 infra
702 1291 821 1317 bannum
837 1291 917 1323 burgi
932 1290 1054 1316 Slctstad
1074 1290 1195 1322 aliquem
1217 1288 1413 1319 vulneraverit,
1434 1297 1517 1315 manu
1537 1289 1676 1322 plectetur
1694 1291 1723 1316 et
1741 1291 1884 1323 tamquam
1904 1289 1990 1316 homi-

342 1342 404 1368 cida
429 1342 488 1368 sine
513 1350 562 1375 spe
586 1341 717 1368 redeundi
742 1341 776 1368 ab
797 1341 863 1367 urbe
884 1341 1013 1370 eiciatur-3
1039 1341 1061 1366 si
1080 1342 1173 1366 autem
1193 1341 1228 1366 ad
1248 1340 1392 1372 iudicium,
1416 1341 1489 1373 quod
1512 1341 1604 1367 sonitu
1632 1349 1841 1374 campanarum,
1867 1341 1940 1367 sicut
1958 1341 1992 1368 de

345 1393 497 1423 homicida,
521 1393 579 1419 fieri
605 1393 698 1423 debet,
724 1393 836 1419 veniens
859 1401 886 1419 se
912 1393 1007 1419 fecisse
1034 1392 1193 1426 negaverit,
1223 1391 1275 1418 nisi
1296 1392 1388 1418 duello
1408 1392 1602 1422 convincatur,
1625 1391 1830 1426 expurgacione
1857 1392 1992 1419 iuratoria

341 1445 460 1478 prestita
479 1444 646 1470 absolvetur.

445 1500 472 1527 ἶ).
498 1500 526 1526 Si
554 1508 617 1526 vcro
642 1499 804 1525 malefactor
829 1499 862 1525 de
883 1499 1026 1525 voluntate
1051 1499 1200 1524 amicorum
1221 1500 1249 1524 et
1273 1499 1374 1524 civium
1395 1499 1539 1525 civitatem
1559 1499 1707 1526 intraverit
1726 1501 1754 1525 et
1776 1499 1799 1524 si
1823 1499 1944 1532 aliquem
1964 1499 1992 1525 in
2011 1506 2036 1525 25

342 1551 430 1585 burgo
459 1551 603 1577 offenderit
631 1551 755 1583 graviter
782 1552 810 1576 et
834 1552 962 1583 potenter
987 1552 1035 1576 aut
1058 1549 1225 1583 percusserit
1248 1552 1275 1575 et
1299 1550 1321 1575 si
1346 1558 1442 1583 passus
1465 1551 1500 1576 ab
1525 1550 1586 1584 ipso
1610 1550 1743 1576 iudicium
1773 1551 1847 1584 apud
1872 1549 1992 1577 iudicem

345 1602 474 1636 pecierit,
499 1605 564 1629 tunc
584 1603 665 1629 iudex
685 1602 844 1628 convocatis
864 1602 972 1628 civibus
991 1602 1024 1627 de
1044 1602 1104 1635 ipso
1123 1610 1169 1627 reo
1193 1601 1251 1628 sine
1280 1601 1374 1634 aliqua
1403 1601 1635 1631 contradictione,
1658 1603 1741 1634 prout
1768 1603 1865 1628 contra
1883 1611 1945 1628 eum
1965 1605 1993 1628 et

345 1654 440 1679 eodem
461 1653 541 1679 modo
561 1654 637 1687 prius
659 1653 860 1679 sentenciatnm
881 1653 978 1683 suerat,
999 1653 1143 1678 iudicabit.

449 1708 478 1737 (ἱ.
502 1709 530 1735 Si
550 1710 623 1735 cives
646 1711 674 1735 et
698 1709 747 1734 alii
771 1708 932 1735 habitantes
952 1708 979 1734 in
1000 1709 1087 1742 burgo
1106 1708 1201 1745 aliqua
1223 1708 1367 1734 occasione
1388 1709 1504 1742 burgum
1525 1709 1646 1735 Sletstad
1667 1709 1848 1735 communiter
1867 1709 1992 1741 exierint,

347 1768 451 1793 pase-em,
471 1769 553 1793 qnam
574 1760 600 1786 in
621 1760 709 1793 burgo
727 1760 869 1790 tenebant,
889 1759 978 1785 eundo
999 1762 1026 1786 et
1045 1760 1183 1785 redeundo
1198 1759 1363 1786 inviolatam
1383 1760 1533 1785 servabunt
1552 1762 1580 1786 ct
1595 1760 1727 1786 violatam
1746 1768 1778 1786 co
1792 1760 1871 1786 modo
1891 1768 1944 1793 quo
1964 1760 1992 1786 in
2011 1767 2038 1785 3ο

346 1812 433 1845 burgo
453 1812 646 1838 emendabunt.

451 1866 478 1894 Τ.
504 1867 666 1900 Quicunque
677 1867 782 1893 dictum
796 1867 913 1899 burgum
928 1866 1120 1892 inhabitantes
1131 1866 1253 1892 bannum
1265 1866 1346 1899 burgi
1358 1866 1483 1897 exierint,
1498 1869 1674 1900 preterquam
1690 1867 1716 1892 in
1731 1866 1846 1899 negocio
1861 1867 1993 1898 civitatis,

347 1921 375 1943 vt
394 1919 465 1944 ulter
484 1919 601 1944 alterum
622 1917 754 1944 occiderit
775 1918 816 1944 vel
838 1917 1040 1948 vulneraverit,
1064 1917 1186 1950 quinque
1206 1917 1308 1943 solidos
1332 1917 1416 1943 iudici
1437 1920 1465 1944 et
1485 1917 1552 1943 duos
1571 1918 1700 1943 iniuriam
1721 1926 1801 1951 passo
1826 1918 1993 1949 emendabit,

350 1970 402 1995 nisi
423 1971 493 1996 forte
513 1970 625 1996 evidens
644 1972 672 1995 et
692 1969 828 1995 notorium
848 1969 939 1999 fuerit,
959 1969 1031 2001 quod
1051 1969 1127 2002 prius
1147 1969 1312 1995 inimicicias
1327 1969 1380 1996 sibi
1399 1969 1524 2003 gesserit,
1546 1970 1629 1996 verba
1642 1969 1823 1996 salutacionis
1842 1969 1894 1995 sibi
1913 1969 1994 1996 dene-

346 2021 452 2054 gando:
474 2026 538 2046 tunc
559 2020 631 2046 cnim
651 2020 797 2047 iudicium.
822 2020 894 2052 quod
915 2020 947 2045 tle
967 2019 1112 2046 homicidis
1132 2023 1159 2046 et
1181 2020 1402 2046 vulneratoribus
1422 2021 1640 2054 suprascriptum
1661 2022 1709 2050 est,
1729 2021 1762 2047 de
1782 2021 1842 2053 ipso
1862 2024 1992 2052 sumetur,
2013 2026 2038 2045 35

348 2075 491 2105 tamquam
513 2074 616 2098 factum
638 2074 709 2098 esset
728 2071 755 2097 in
776 2071 901 2097 civitate.

452 2126 480 2155 S.
506 2127 533 2153 Si
554 2136 616 2153 vero
637 2127 690 2153 duo
710 2127 784 2152 cives
799 2126 839 2152 vel
862 2126 986 2152 seldener
1005 2127 1087 2152 amici
1108 2127 1252 2153 civitatem
1273 2127 1391 2153 exierint
1411 2129 1435 2153 ct
1455 2127 1526 2153 intcr
1545 2135 1573 2153 se
1593 2127 1792 2153 altercaverint
1811 2129 1839 2153 et
1857 2127 1915 2153 sine
1935 2136 1994 2153 con-

349 2179 443 2205 cordia
462 2178 583 2212 separati
604 2178 717 2208 fuerint,
741 2177 763 2203 si
787 2179 898 2211 postea,
925 2180 1073 2210 antequam
1091 2178 1125 2203 -in
1150 2178 1293 2205 civitatem
1323 2178 1424 2204 reversi
1448 2178 1566 2209 fuerint,
1591 2179 1662 2205 alter
1687 2178 1714 2204 in
1734 2179 1852 2205 alterum
1872 2179 1994 2213 maligne

348 2230 478 2255 insultum
500 2229 596 2255 fecerit
617 2231 644 2254 et
664 2228 836 2261 percusserit,
857 2229 952 2254 eadem
973 2237 1053 2261 pena,
1073 2238 1104 2254 ac
1124 2229 1146 2254 si
1166 2229 1194 2254 in
1215 2229 1330 2255 civitate
1350 2230 1454 2255 factum
1474 2229 1565 2260 fuerit,
1586 2230 1725 2263 puniatur.

451 2286 478 2311 ὲ).
504 2284 531 2309 Si
552 2284 625 2310 cives
646 2284 686 2309 vel
708 2283 833 2310 seldener
856 2283 929 2309 inter
952 2292 979 2309 se
1004 2283 1085 2309 rixati
1112 2284 1224 2314 fuerint,
1246 2293 1298 2310 non
1319 2287 1383 2310 sunt
1402 2285 1517 2319 cogendi
1542 2285 1576 2311 ad
1601 2285 1757 2312 faciendam
1781 2286 1994 2318 queremonia-m,
2013 2291 2040 2310 40

348 2344 397 2361 nec
413 2336 538 2361 dominns
555 2334 680 2361 civitati>
696 2335 739 2360 vel
760 2334 842 2360 iudex
862 2342 970 2360 movere
990 2334 1085 2364 ‹lebct;
1106 2334 1128 2359 si
1142 2343 1205 2360 vero
1225 2335 1296 2361 alter
1314 2343 1406 2361 eorum
1426 2336 1537 2362 domino
1551 2336 1594 2362 vel
1615 2336 1700 2362 indici
1720 2338 1885 2369 conquestus
1905 2336 1995 2367 fuerit,

349 2390 413 2412 lunc
435 2387 515 2412 index
537 2386 660 2412 occultas
679 2385 930 2413 reconciliacioncs,
952 2385 1083 2411 videlicet
1102 2388 1156 2412 tres
1177 2386 1269 2416 libras,
1291 2386 1413 2420 accipiet
1431 2387 1512 2413 umbe
1533 2387 1576 2413 die
1596 2385 1718 2413 halsfine.

456 2441 500 2467 14).
530 2442 630 2467 Nullus
650 2443 795 2468 extraneus
815 2442 857 2467 vel
876 2441 1000 2467 seldencr
1019 2441 1098 2467 testis
1119 2441 1171 2468 erit
1190 2450 1271 2475 super
1291 2442 1387 2469 civem,
1407 2442 1454 2468 sed
1474 2444 1582 2468 tanturn
1603 2442 1672 2467 civis
1691 2450 1774 2475 super
1793 2442 1889 2468 civem.

456 2497 462 2523 Ι
478 2497 500 2523 l.
530 2497 599 2522 Item
620 2505 698 2522 omne
718 2496 906 2522 testimonium
922 2496 1028 2521 duobus
1041 2497 1153 2528 ydoneis
1172 2497 1291 2523 testibus
1313 2500 1354 2524 est
1368 2498 1573 2530 producendum
1594 2499 1622 2524 et
1641 2498 1692 2524 hoc
1712 2497 1745 2524 de
1764 2497 1822 2523 visu
1842 2500 1870 2524 et
1889 2497 1995 2524 auditu.

457 2550 500 2579 12.
529 2552 599 2578 Item
619 2552 640 2577 si
661 2552 756 2584 aliqua
780 2551 950 2585 disceptacio
976 2552 1016 2577 vel
1042 2552 1150 2584 questio
1175 2552 1246 2578 inter
1270 2553 1336 2578 duos
1363 2553 1437 2578 cives
1461 2562 1510 2586 pro
1537 2553 1679 2579 sentencia
1698 2553 1793 2586 aliqua
1823 2555 1884 2579 orta
1904 2552 1994 2583 fuerit,
2014 2558 2039 2576 45.

347 2604 514 2629 submittmt
533 2612 560 2629 se
581 2603 739 2629 consulibus
758 2602 784 2628 in
804 2602 938 2633 Sletstad3
964 2603 985 2629 si
1013 2604 1149 2630 discordes
1175 2605 1275 2631 fuerint
1296 2605 1432 2633 consules,
1461 2607 1526 2631 tunc
1550 2605 1608 2631 iure
1631 2605 1777 2631 civitatum
1804 2605 1995 2631 adiacencium

350 2655 435 2681 libera
456 2655 514 2680 iura
534 2654 698 2680 lmbcncium
719 2654 914 2680 terminabitur
934 2656 962 2680 ct
981 2654 1108 2680 iniuriam
1131 2664 1211 2688 passo
1232 2665 1365 2688 expensas
1384 2656 1519 2686 refundet,
1539 2656 1586 2688 qui
1607 2656 1777 2689 provocavit.

456 2708 500 2737 13.
531 2710 702 2742 Quicumque
725 2710 879 2743 predictum
904 2710 1019 2743 burgum
1041 2711 1163 2736 Sletstad
1189 2711 1350 2737 inhabitant
1370 2711 1419 2737 viri
1446 2713 1474 2737 et
1493 2711 1606 2742 femine,
1632 2714 1773 2744 tamquam
1793 2711 1914 2737 eiusdem
1935 2719 1995 2737 con-

348 2761 465 2787 dicionis-
486 2760 689 2786 matrimonium
710 2761 872 2787 contrahent
893 2763 921 2787 ct
942 2761 1041 2787 somine
1061 2762 1133 2787 sicut
1154 2762 1203 2787 viri
1225 2763 1252 2788 in
1272 2763 1456 2789 hereditatem
1476 2763 1627 2789 succedunt
1646 2764 1801 2796 parentum.
