<?xml version="1.0" encoding="UTF-8"?>
<!DOCTYPE html PUBLIC "-//W3C//DTD XHTML 1.0 Transitional//EN"
    "http://www.w3.org/TR/xhtml1/DTD/xhtml1-transitional.dtd">
<html xmlns="http://www.w3.org/1999/xhtml" xml:lang="en" lang="en">
 <head>
  <title>
</title>
<meta http-equiv="Content-Type" content="text/html;charset=utf-8" />
  <meta name='ocr-system' content='tesseract 3.04.00' />
  <meta name='ocr-capabilities' content='ocr_page ocr_carea ocr_par ocr_line ocrx_word'/>
</head>
<body>
  <div class='ocr_page' id='page_1' title='image "./monumentagermani08geseuoft/monumentagermani08geseuoft_0155.png"; bbox 0 0 2189 2984; ppageno 0'>
   <div class='ocr_carea' id='block_1_1' title="bbox 0 1560 19 2672">
    <p class='ocr_par' dir='ltr' id='par_1_1' title="bbox 0 1560 19 2672">
     <span class='ocr_line' id='line_1_1' title="bbox 0 1560 19 2672; baseline 0 0"><span class='ocrx_word' id='word_1_1' title='bbox 0 1560 19 2672; x_wconf 95' lang='lat' dir='ltr'> </span> 
     </span>
    </p>
   </div>
   <div class='ocr_carea' id='block_1_2' title="bbox 157 697 181 715">
    <p class='ocr_par' dir='ltr' id='par_1_2' title="bbox 157 697 181 715">
     <span class='ocr_line' id='line_1_2' title="bbox 157 697 181 715; baseline 0 0"><span class='ocrx_word' id='word_1_2' title='bbox 157 697 181 715; x_wconf 87' lang='lat'>10</span> 
     </span>
    </p>
   </div>
   <div class='ocr_carea' id='block_1_3' title="bbox 155 954 178 972">
    <p class='ocr_par' dir='ltr' id='par_1_3' title="bbox 155 954 178 972">
     <span class='ocr_line' id='line_1_3' title="bbox 155 954 178 972; baseline 0 0"><span class='ocrx_word' id='word_1_3' title='bbox 155 954 178 972; x_wconf 83' lang='lat'>15</span> 
     </span>
    </p>
   </div>
   <div class='ocr_carea' id='block_1_4' title="bbox 155 1209 180 1228">
    <p class='ocr_par' dir='ltr' id='par_1_4' title="bbox 155 1209 180 1228">
     <span class='ocr_line' id='line_1_4' title="bbox 155 1209 180 1228; baseline -0.04 0"><span class='ocrx_word' id='word_1_4' title='bbox 155 1209 180 1228; x_wconf 83' lang='lat'>20</span> 
     </span>
    </p>
   </div>
   <div class='ocr_carea' id='block_1_5' title="bbox 156 1465 180 1484">
    <p class='ocr_par' dir='ltr' id='par_1_5' title="bbox 156 1465 180 1484">
     <span class='ocr_line' id='line_1_5' title="bbox 156 1465 180 1484; baseline 0 0"><span class='ocrx_word' id='word_1_5' title='bbox 156 1465 180 1484; x_wconf 82' lang='lat'>25</span> 
     </span>
    </p>
   </div>
   <div class='ocr_carea' id='block_1_6' title="bbox 159 1723 184 1742">
    <p class='ocr_par' dir='ltr' id='par_1_6' title="bbox 159 1723 184 1742">
     <span class='ocr_line' id='line_1_6' title="bbox 159 1723 184 1742; baseline -0.04 0"><span class='ocrx_word' id='word_1_6' title='bbox 159 1723 184 1742; x_wconf 80' lang='lat'>30</span> 
     </span>
    </p>
   </div>
   <div class='ocr_carea' id='block_1_7' title="bbox 158 1980 182 1998">
    <p class='ocr_par' dir='ltr' id='par_1_7' title="bbox 158 1980 182 1998">
     <span class='ocr_line' id='line_1_7' title="bbox 158 1980 182 1998; baseline -0.042 0"><span class='ocrx_word' id='word_1_7' title='bbox 158 1980 182 1998; x_wconf 80' lang='lat'>35</span> 
     </span>
    </p>
   </div>
   <div class='ocr_carea' id='block_1_8' title="bbox 159 2235 186 2254">
    <p class='ocr_par' dir='ltr' id='par_1_8' title="bbox 159 2235 186 2254">
     <span class='ocr_line' id='line_1_8' title="bbox 159 2235 186 2254; baseline 0 0"><span class='ocrx_word' id='word_1_8' title='bbox 159 2235 186 2254; x_wconf 81' lang='lat'>40</span> 
     </span>
    </p>
   </div>
   <div class='ocr_carea' id='block_1_9' title="bbox 162 2493 187 2511">
    <p class='ocr_par' dir='ltr' id='par_1_9' title="bbox 162 2493 187 2511">
     <span class='ocr_line' id='line_1_9' title="bbox 162 2493 187 2511; baseline -0.04 0"><span class='ocrx_word' id='word_1_9' title='bbox 162 2493 187 2511; x_wconf 76' lang='lat'>45</span> 
     </span>
    </p>
   </div>
   <div class='ocr_carea' id='block_1_10' title="bbox 165 2764 191 2782">
    <p class='ocr_par' dir='ltr' id='par_1_10' title="bbox 165 2764 191 2782">
     <span class='ocr_line' id='line_1_10' title="bbox 165 2764 191 2782; baseline 0 0"><span class='ocrx_word' id='word_1_10' title='bbox 165 2764 191 2782; x_wconf 72' lang='lat'>50</span> 
     </span>
    </p>
   </div>
   <div class='ocr_carea' id='block_1_11' title="bbox 671 140 1842 174">
    <p class='ocr_par' dir='ltr' id='par_1_11' title="bbox 671 140 1842 174">
     <span class='ocr_line' id='line_1_11' title="bbox 671 140 1842 174; baseline -0.002 -8"><span class='ocrx_word' id='word_1_11' title='bbox 671 140 767 167; x_wconf 87' lang='lat' dir='ltr'>ACTA</span> <span class='ocrx_word' id='word_1_12' title='bbox 787 140 900 167; x_wconf 83' lang='lat' dir='ltr'>REGNI</span> <span class='ocrx_word' id='word_1_13' title='bbox 920 140 1055 166; x_wconf 87' lang='lat' dir='ltr'><strong>KAROLI</strong></span> <span class='ocrx_word' id='word_1_14' title='bbox 1076 140 1121 167; x_wconf 84' lang='lat' dir='ltr'>IV.</span> <span class='ocrx_word' id='word_1_15' title='bbox 1158 141 1232 167; x_wconf 83' lang='lat'>1346.</span> <span class='ocrx_word' id='word_1_16' title='bbox 1269 140 1318 166; x_wconf 75' lang='lat' dir='ltr'>Nr.</span> <span class='ocrx_word' id='word_1_17' title='bbox 1331 140 1371 166; x_wconf 86' lang='lat'>91.</span> <span class='ocrx_word' id='word_1_18' title='bbox 1785 146 1842 174; x_wconf 71' lang='lat'>119</span> 
     </span>
    </p>
   </div>
   <div class='ocr_carea' id='block_1_12' title="bbox 196 229 1854 2674">
    <p class='ocr_par' dir='ltr' id='par_1_12' title="bbox 196 229 1845 314">
     <span class='ocr_line' id='line_1_12' title="bbox 197 229 1845 264; baseline 0 -8"><span class='ocrx_word' id='word_1_19' title='bbox 197 230 242 256; x_wconf 86' lang='lat' dir='ltr'>vel</span> <span class='ocrx_word' id='word_1_20' title='bbox 260 239 352 256; x_wconf 86' lang='lat' dir='ltr'>eorum</span> <span class='ocrx_word' id='word_1_21' title='bbox 373 230 467 263; x_wconf 88' lang='lat' dir='ltr'>aliquo</span> <span class='ocrx_word' id='word_1_22' title='bbox 486 229 593 255; x_wconf 88' lang='lat' dir='ltr'>nullum</span> <span class='ocrx_word' id='word_1_23' title='bbox 610 229 839 263; x_wconf 83' lang='lat' dir='ltr'>impedimentum</span> <span class='ocrx_word' id='word_1_24' title='bbox 858 231 960 264; x_wconf 85' lang='lat' dir='ltr'>fingam</span> <span class='ocrx_word' id='word_1_25' title='bbox 979 232 1029 256; x_wconf 85' lang='lat' dir='ltr'>aut</span> <span class='ocrx_word' id='word_1_26' title='bbox 1048 230 1179 263; x_wconf 77' lang='lat' dir='ltr'>prestabo</span> <span class='ocrx_word' id='word_1_27' title='bbox 1199 231 1247 255; x_wconf 84' lang='lat' dir='ltr'>ant</span> <span class='ocrx_word' id='word_1_28' title='bbox 1266 230 1333 263; x_wconf 76' lang='lat' dir='ltr'>fingi</span> <span class='ocrx_word' id='word_1_29' title='bbox 1352 231 1401 256; x_wconf 85' lang='lat' dir='ltr'>aut</span> <span class='ocrx_word' id='word_1_30' title='bbox 1420 229 1538 263; x_wconf 85' lang='lat' dir='ltr'>prestari</span> <span class='ocrx_word' id='word_1_31' title='bbox 1559 238 1607 263; x_wconf 88' lang='lat' dir='ltr'>per</span> <span class='ocrx_word' id='word_1_32' title='bbox 1625 230 1710 256; x_wconf 84' lang='lat' dir='ltr'>alium</span> <span class='ocrx_word' id='word_1_33' title='bbox 1732 231 1775 256; x_wconf 84' lang='lat' dir='ltr'>vel</span> <span class='ocrx_word' id='word_1_34' title='bbox 1796 239 1845 264; x_wconf 86' lang='lat' dir='ltr'>per</span> 
     </span>
     <span class='ocr_line' id='line_1_13' title="bbox 196 279 838 314; baseline 0.002 -8"><span class='ocrx_word' id='word_1_35' title='bbox 196 280 274 312; x_wconf 84' lang='lat' dir='ltr'>alios,</span> <span class='ocrx_word' id='word_1_36' title='bbox 294 282 428 314; x_wconf 86' lang='lat' dir='ltr'>quantum</span> <span class='ocrx_word' id='word_1_37' title='bbox 448 280 476 306; x_wconf 92' lang='lat' dir='ltr'>in</span> <span class='ocrx_word' id='word_1_38' title='bbox 494 288 537 305; x_wconf 90' lang='lat' dir='ltr'>me</span> <span class='ocrx_word' id='word_1_39' title='bbox 555 279 648 308; x_wconf 83' lang='lat' dir='ltr'>fuerit.</span> <span class='ocrx_word' id='word_1_40' title='bbox 668 281 838 313; x_wconf 76' lang='lat' dir='ltr'><strong>permittam.</strong></span> 
     </span>
    </p>

    <p class='ocr_par' dir='ltr' id='par_1_13' title="bbox 196 331 1845 518">
     <span class='ocr_line' id='line_1_14' title="bbox 301 331 1845 366; baseline 0.001 -9"><span class='ocrx_word' id='word_1_41' title='bbox 301 332 371 358; x_wconf 83' lang='lat' dir='ltr'><strong>Item</strong></span> <span class='ocrx_word' id='word_1_42' title='bbox 390 331 536 365; x_wconf 82' lang='lat' dir='ltr'>promitto,</span> <span class='ocrx_word' id='word_1_43' title='bbox 563 332 635 364; x_wconf 90' lang='lat' dir='ltr'>quod</span> <span class='ocrx_word' id='word_1_44' title='bbox 663 333 759 358; x_wconf 82' lang='lat' dir='ltr'>contra</span> <span class='ocrx_word' id='word_1_45' title='bbox 781 332 908 366; x_wconf 87' lang='lat' dir='ltr'>predicta</span> <span class='ocrx_word' id='word_1_46' title='bbox 931 332 974 358; x_wconf 90' lang='lat' dir='ltr'>vel</span> <span class='ocrx_word' id='word_1_47' title='bbox 1001 340 1094 358; x_wconf 85' lang='lat' dir='ltr'>eorum</span> <span class='ocrx_word' id='word_1_48' title='bbox 1117 332 1231 364; x_wconf 79' lang='lat' dir='ltr'>aliquod</span> <span class='ocrx_word' id='word_1_49' title='bbox 1257 332 1415 358; x_wconf 86' lang='lat' dir='ltr'>nullatenus</span> <span class='ocrx_word' id='word_1_50' title='bbox 1440 340 1488 365; x_wconf 87' lang='lat' dir='ltr'>per</span> <span class='ocrx_word' id='word_1_51' title='bbox 1507 340 1549 357; x_wconf 83' lang='lat' dir='ltr'>me</span> <span class='ocrx_word' id='word_1_52' title='bbox 1570 332 1613 358; x_wconf 80' lang='lat' dir='ltr'>vel</span> <span class='ocrx_word' id='word_1_53' title='bbox 1632 331 1702 358; x_wconf 85' lang='lat' dir='ltr'>alios</span> <span class='ocrx_word' id='word_1_54' title='bbox 1727 332 1845 361; x_wconf 78' lang='lat' dir='ltr'>veniam.</span> 
     </span>
     <span class='ocr_line' id='line_1_15' title="bbox 197 382 1845 416; baseline 0.001 -8"><span class='ocrx_word' id='word_1_55' title='bbox 197 384 226 409; x_wconf 90' lang='lat' dir='ltr'>et</span> <span class='ocrx_word' id='word_1_56' title='bbox 250 382 273 408; x_wconf 87' lang='lat' dir='ltr'>si</span> <span class='ocrx_word' id='word_1_57' title='bbox 293 382 461 409; x_wconf 87' lang='lat' dir='ltr'>contrarium</span> <span class='ocrx_word' id='word_1_58' title='bbox 484 382 581 415; x_wconf 85' lang='lat' dir='ltr'>quovis</span> <span class='ocrx_word' id='word_1_59' title='bbox 603 382 684 409; x_wconf 87' lang='lat' dir='ltr'>modo</span> <span class='ocrx_word' id='word_1_60' title='bbox 704 383 879 416; x_wconf 85' lang='lat' dir='ltr'>contingeret</span> <span class='ocrx_word' id='word_1_61' title='bbox 897 383 956 409; x_wconf 89' lang='lat' dir='ltr'>fieri</span> <span class='ocrx_word' id='word_1_62' title='bbox 975 391 1024 416; x_wconf 87' lang='lat' dir='ltr'>per</span> <span class='ocrx_word' id='word_1_63' title='bbox 1042 383 1095 415; x_wconf 85' lang='lat' dir='ltr'>me]</span> <span class='ocrx_word' id='word_1_64' title='bbox 1116 382 1159 408; x_wconf 88' lang='lat' dir='ltr'>vel</span> <span class='ocrx_word' id='word_1_65' title='bbox 1179 382 1247 408; x_wconf 84' lang='lat' dir='ltr'>alios</span> <span class='ocrx_word' id='word_1_66' title='bbox 1271 390 1331 408; x_wconf 90' lang='lat' dir='ltr'>meo</span> <span class='ocrx_word' id='word_1_67' title='bbox 1354 382 1465 408; x_wconf 86' lang='lat' dir='ltr'>nomine</span> <span class='ocrx_word' id='word_1_68' title='bbox 1484 383 1724 416; x_wconf 83' lang='lat' dir='ltr'>quandocumque,</span> <span class='ocrx_word' id='word_1_69' title='bbox 1749 383 1845 409; x_wconf 78' lang='lat' dir='ltr'>statim</span> 
     </span>
     <span class='ocr_line' id='line_1_16' title="bbox 198 432 1844 466; baseline 0 -6"><span class='ocrx_word' id='word_1_70' title='bbox 198 442 259 460; x_wconf 87' lang='lat' dir='ltr'>cum</span> <span class='ocrx_word' id='word_1_71' title='bbox 283 433 334 459; x_wconf 86' lang='lat' dir='ltr'>hoc</span> <span class='ocrx_word' id='word_1_72' title='bbox 359 433 394 460; x_wconf 84' lang='lat' dir='ltr'>ad</span> <span class='ocrx_word' id='word_1_73' title='bbox 420 441 510 459; x_wconf 86' lang='lat' dir='ltr'>meam</span> <span class='ocrx_word' id='word_1_74' title='bbox 535 433 668 459; x_wconf 80' lang='lat' dir='ltr'>noticiam</span> <span class='ocrx_word' id='word_1_75' title='bbox 693 433 853 466; x_wconf 87' lang='lat' dir='ltr'>[deductum</span> <span class='ocrx_word' id='word_1_76' title='bbox 877 433 973 464; x_wconf 76' lang='lat' dir='ltr'>fuerit,</span> <span class='ocrx_word' id='word_1_77' title='bbox 1002 433 1083 466; x_wconf 87' lang='lat' dir='ltr'>il]lud</span> <span class='ocrx_word' id='word_1_78' title='bbox 1107 433 1244 459; x_wconf 82' lang='lat' dir='ltr'>revocabo</span> <span class='ocrx_word' id='word_1_79' title='bbox 1267 435 1295 458; x_wconf 86' lang='lat' dir='ltr'>et</span> <span class='ocrx_word' id='word_1_80' title='bbox 1319 432 1433 461; x_wconf 74' lang='lat' dir='ltr'>faciam,</span> <span class='ocrx_word' id='word_1_81' title='bbox 1461 434 1596 465; x_wconf 86' lang='lat' dir='ltr'>quantum</span> <span class='ocrx_word' id='word_1_82' title='bbox 1621 433 1649 458; x_wconf 91' lang='lat' dir='ltr'>in</span> <span class='ocrx_word' id='word_1_83' title='bbox 1669 442 1711 460; x_wconf 90' lang='lat' dir='ltr'>me</span> <span class='ocrx_word' id='word_1_84' title='bbox 1732 433 1844 466; x_wconf 58' lang='lat' dir='ltr'>[fuerit]</span> 
     </span>
     <span class='ocr_line' id='line_1_17' title="bbox 196 483 1503 518; baseline -0.002 -7"><span class='ocrx_word' id='word_1_85' title='bbox 196 484 382 512; x_wconf 84' lang='lat' dir='ltr'>effectualiter</span> <span class='ocrx_word' id='word_1_86' title='bbox 399 484 532 515; x_wconf 76' lang='lat' dir='ltr'>revocari,</span> <span class='ocrx_word' id='word_1_87' title='bbox 551 486 580 510; x_wconf 87' lang='lat' dir='ltr'>et</span> <span class='ocrx_word' id='word_1_88' title='bbox 598 493 649 518; x_wconf 88' lang='lat' dir='ltr'>pro</span> <span class='ocrx_word' id='word_1_89' title='bbox 668 493 721 511; x_wconf 90' lang='lat' dir='ltr'>non</span> <span class='ocrx_word' id='word_1_90' title='bbox 741 485 817 511; x_wconf 78' lang='lat' dir='ltr'>facto</span> <span class='ocrx_word' id='word_1_91' title='bbox 836 485 900 511; x_wconf 88' lang='lat' dir='ltr'>volo</span> <span class='ocrx_word' id='word_1_92' title='bbox 919 486 948 511; x_wconf 84' lang='lat' dir='ltr'>et</span> <span class='ocrx_word' id='word_1_93' title='bbox 966 485 1082 511; x_wconf 83' lang='lat' dir='ltr'>decerno</span> <span class='ocrx_word' id='word_1_94' title='bbox 1102 484 1200 510; x_wconf 87' lang='lat' dir='ltr'>haberi</span> <span class='ocrx_word' id='word_1_95' title='bbox 1220 486 1248 510; x_wconf 89' lang='lat' dir='ltr'>et</span> <span class='ocrx_word' id='word_1_96' title='bbox 1267 483 1350 510; x_wconf 82' lang='lat' dir='ltr'>etiam</span> <span class='ocrx_word' id='word_1_97' title='bbox 1371 483 1503 517; x_wconf 84' lang='lat' dir='ltr'>reputari.</span> 
     </span>
    </p>

    <p class='ocr_par' dir='ltr' id='par_1_14' title="bbox 197 535 1851 1134">
     <span class='ocr_line' id='line_1_18' title="bbox 300 535 1847 569; baseline 0 -8"><span class='ocrx_word' id='word_1_98' title='bbox 300 536 345 568; x_wconf 81' lang='lat' dir='ltr'>(V)</span> <span class='ocrx_word' id='word_1_99' title='bbox 366 536 436 562; x_wconf 90' lang='lat' dir='ltr'>ltem</span> <span class='ocrx_word' id='word_1_100' title='bbox 454 536 477 561; x_wconf 89' lang='lat' dir='ltr'>si</span> <span class='ocrx_word' id='word_1_101' title='bbox 496 544 546 569; x_wconf 89' lang='lat' dir='ltr'>per</span> <span class='ocrx_word' id='word_1_102' title='bbox 564 536 702 569; x_wconf 83' lang='lat' dir='ltr'>prefatum</span> <span class='ocrx_word' id='word_1_103' title='bbox 717 536 854 568; x_wconf 82' lang='lat' dir='ltr'>quondam</span> <span class='ocrx_word' id='word_1_104' title='bbox 875 536 1015 562; x_wconf 88' lang='lat' dir='ltr'>dominum</span> <span class='ocrx_word' id='word_1_105' title='bbox 1032 535 1181 561; x_wconf 85' lang='lat' dir='ltr'>Henricum</span> <span class='ocrx_word' id='word_1_106' title='bbox 1195 535 1390 568; x_wconf 71' lang='lat' dir='ltr'>imperatorem</span> <span class='ocrx_word' id='word_1_107' title='bbox 1411 536 1503 568; x_wconf 73' lang='lat' dir='ltr'>a[vu1n</span> <span class='ocrx_word' id='word_1_108' title='bbox 1523 544 1621 566; x_wconf 78' lang='lat' dir='ltr'>meum,</span> <span class='ocrx_word' id='word_1_109' title='bbox 1641 535 1694 568; x_wconf 82' lang='lat' dir='ltr'>v]el</span> <span class='ocrx_word' id='word_1_110' title='bbox 1715 544 1764 568; x_wconf 89' lang='lat' dir='ltr'>per</span> <span class='ocrx_word' id='word_1_111' title='bbox 1782 536 1847 561; x_wconf 78' lang='lat' dir='ltr'>iam-</span> 
     </span>
     <span class='ocr_line' id='line_1_19' title="bbox 198 585 1846 621; baseline -0.001 -8"><span class='ocrx_word' id='word_1_112' title='bbox 198 587 305 614; x_wconf 87' lang='lat' dir='ltr'>dictum</span> <span class='ocrx_word' id='word_1_113' title='bbox 326 587 495 613; x_wconf 86' lang='lat' dir='ltr'>Ludovicum</span> <span class='ocrx_word' id='word_1_114' title='bbox 514 595 563 613; x_wconf 82' lang='lat' dir='ltr'>seu</span> <span class='ocrx_word' id='word_1_115' title='bbox 587 595 636 621; x_wconf 86' lang='lat' dir='ltr'>per</span> <span class='ocrx_word' id='word_1_116' title='bbox 654 596 855 620; x_wconf 85' lang='lat' dir='ltr'>quemcumque</span> <span class='ocrx_word' id='word_1_117' title='bbox 875 587 961 613; x_wconf 86' lang='lat' dir='ltr'>alium</span> <span class='ocrx_word' id='word_1_118' title='bbox 980 595 1027 612; x_wconf 88' lang='lat' dir='ltr'>seu</span> <span class='ocrx_word' id='word_1_119' title='bbox 1052 586 1122 612; x_wconf 84' lang='lat' dir='ltr'>alios</span> <span class='ocrx_word' id='word_1_120' title='bbox 1141 586 1262 619; x_wconf 86' lang='lat' dir='ltr'>ipsorum</span> <span class='ocrx_word' id='word_1_121' title='bbox 1283 586 1325 612; x_wconf 87' lang='lat' dir='ltr'>vel</span> <span class='ocrx_word' id='word_1_122' title='bbox 1345 586 1461 612; x_wconf 83' lang='lat' dir='ltr'>alterius</span> <span class='ocrx_word' id='word_1_123' title='bbox 1480 594 1572 612; x_wconf 90' lang='lat' dir='ltr'>eorum</span> <span class='ocrx_word' id='word_1_124' title='bbox 1591 585 1700 612; x_wconf 88' lang='lat' dir='ltr'>nomine</span> <span class='ocrx_word' id='word_1_125' title='bbox 1719 595 1766 612; x_wconf 83' lang='lat' dir='ltr'>seu</span> <span class='ocrx_word' id='word_1_126' title='bbox 1785 595 1846 612; x_wconf 79' lang='lat' dir='ltr'>auc-</span> 
     </span>
     <span class='ocr_line' id='line_1_20' title="bbox 197 637 1847 672; baseline -0.001 -8"><span class='ocrx_word' id='word_1_127' title='bbox 197 637 314 665; x_wconf 83' lang='lat' dir='ltr'>toritate</span> <span class='ocrx_word' id='word_1_128' title='bbox 334 638 428 672; x_wconf 82' lang='lat' dir='ltr'>alique</span> <span class='ocrx_word' id='word_1_129' title='bbox 447 638 588 665; x_wconf 74' lang='lat' dir='ltr'>sentencie</span> <span class='ocrx_word' id='word_1_130' title='bbox 613 638 717 664; x_wconf 87' lang='lat' dir='ltr'>fuerint</span> <span class='ocrx_word' id='word_1_131' title='bbox 736 638 934 672; x_wconf 82' lang='lat' dir='ltr'>pro[mulgate]</span> <span class='ocrx_word' id='word_1_132' title='bbox 959 647 1006 664; x_wconf 88' lang='lat' dir='ltr'>seu</span> <span class='ocrx_word' id='word_1_133' title='bbox 1026 646 1170 671; x_wconf 77' lang='lat' dir='ltr'>processus</span> <span class='ocrx_word' id='word_1_134' title='bbox 1189 637 1278 669; x_wconf 83' lang='lat' dir='ltr'>aliqui</span> <span class='ocrx_word' id='word_1_135' title='bbox 1301 637 1368 663; x_wconf 81' lang='lat' dir='ltr'>facti</span> <span class='ocrx_word' id='word_1_136' title='bbox 1388 646 1435 663; x_wconf 85' lang='lat' dir='ltr'>seu</span> <span class='ocrx_word' id='word_1_137' title='bbox 1454 637 1650 663; x_wconf 83' lang='lat' dir='ltr'>arrestationes</span> <span class='ocrx_word' id='word_1_138' title='bbox 1670 645 1847 670; x_wconf 87' lang='lat' dir='ltr'>personarum</span> 
     </span>
     <span class='ocr_line' id='line_1_21' title="bbox 199 688 1848 723; baseline -0.001 -7"><span class='ocrx_word' id='word_1_139' title='bbox 199 692 249 716; x_wconf 84' lang='lat' dir='ltr'>aut</span> <span class='ocrx_word' id='word_1_140' title='bbox 263 698 352 716; x_wconf 89' lang='lat' dir='ltr'>rerum</span> <span class='ocrx_word' id='word_1_141' title='bbox 373 689 417 716; x_wconf 92' lang='lat' dir='ltr'>vel</span> <span class='ocrx_word' id='word_1_142' title='bbox 431 689 527 723; x_wconf 86' lang='lat' dir='ltr'>aliqua</span> <span class='ocrx_word' id='word_1_143' title='bbox 545 690 580 716; x_wconf 89' lang='lat' dir='ltr'>ad</span> <span class='ocrx_word' id='word_1_144' title='bbox 594 689 813 716; x_wconf 88' lang='lat' dir='ltr'>iurisdictionem</span> <span class='ocrx_word' id='word_1_145' title='bbox 828 690 1003 723; x_wconf 83' lang='lat' dir='ltr'>pertinencia</span> <span class='ocrx_word' id='word_1_146' title='bbox 1023 690 1196 723; x_wconf 77' lang='lat' dir='ltr'>attemptata</span> <span class='ocrx_word' id='word_1_147' title='bbox 1215 688 1242 714; x_wconf 90' lang='lat' dir='ltr'>in</span> <span class='ocrx_word' id='word_1_148' title='bbox 1258 688 1352 719; x_wconf 81' lang='lat' dir='ltr'>Roma,</span> <span class='ocrx_word' id='word_1_149' title='bbox 1374 689 1472 722; x_wconf 66' lang='lat' dir='ltr'>regnis,</span> <span class='ocrx_word' id='word_1_150' title='bbox 1493 688 1672 722; x_wconf 70' lang='lat' dir='ltr'>[provinciis]</span> <span class='ocrx_word' id='word_1_151' title='bbox 1693 689 1848 720; x_wconf 78' lang='lat' dir='ltr'>ducatibus,</span> 
     </span>
     <span class='ocr_line' id='line_1_22' title="bbox 198 737 1849 775; baseline 0 -8"><span class='ocrx_word' id='word_1_152' title='bbox 198 740 387 772; x_wconf 83' lang='lat' dir='ltr'>comitatibus,</span> <span class='ocrx_word' id='word_1_153' title='bbox 408 741 574 768; x_wconf 82' lang='lat' dir='ltr'>civitatibus</span> <span class='ocrx_word' id='word_1_154' title='bbox 594 737 742 768; x_wconf 81' lang='lat' dir='ltr'>Romane</span> <span class='ocrx_word' id='word_1_155' title='bbox 767 738 902 769; x_wconf 76' lang='lat' dir='ltr'>ecclesie</span> <span class='ocrx_word' id='word_1_156' title='bbox 920 742 1042 769; x_wconf 86' lang='lat' dir='ltr'>mediate</span> <span class='ocrx_word' id='word_1_157' title='bbox 1060 742 1105 768; x_wconf 85' lang='lat' dir='ltr'>vel</span> <span class='ocrx_word' id='word_1_158' title='bbox 1120 740 1283 767; x_wconf 74' lang='lat' dir='ltr'>immediate</span> <span class='ocrx_word' id='word_1_159' title='bbox 1300 741 1442 773; x_wconf 81' lang='lat' dir='ltr'>subiectis,</span> <span class='ocrx_word' id='word_1_160' title='bbox 1467 741 1605 775; x_wconf 85' lang='lat' dir='ltr'>promicto</span> <span class='ocrx_word' id='word_1_161' title='bbox 1630 743 1658 767; x_wconf 85' lang='lat' dir='ltr'>et</span> <span class='ocrx_word' id='word_1_162' title='bbox 1681 741 1750 772; x_wconf 90' lang='lat' dir='ltr'>iuro,</span> <span class='ocrx_word' id='word_1_163' title='bbox 1774 741 1849 774; x_wconf 83' lang='lat' dir='ltr'>quod</span> 
     </span>
     <span class='ocr_line' id='line_1_23' title="bbox 198 791 1849 827; baseline -0.001 -9"><span class='ocrx_word' id='word_1_164' title='bbox 198 793 250 819; x_wconf 84' lang='lat' dir='ltr'>illa</span> <span class='ocrx_word' id='word_1_165' title='bbox 269 794 362 819; x_wconf 85' lang='lat' dir='ltr'>omnia</span> <span class='ocrx_word' id='word_1_166' title='bbox 380 793 525 819; x_wconf 77' lang='lat' dir='ltr'>decernam</span> <span class='ocrx_word' id='word_1_167' title='bbox 545 794 574 819; x_wconf 86' lang='lat' dir='ltr'>et</span> <span class='ocrx_word' id='word_1_168' title='bbox 593 793 806 827; x_wconf 66' lang='lat' dir='ltr'>pronjunciabo]</span> <span class='ocrx_word' id='word_1_169' title='bbox 826 802 883 820; x_wconf 83' lang='lat' dir='ltr'>esse</span> <span class='ocrx_word' id='word_1_170' title='bbox 903 793 994 823; x_wconf 80' lang='lat' dir='ltr'>nulla:</span> <span class='ocrx_word' id='word_1_171' title='bbox 1020 793 1149 826; x_wconf 88' lang='lat' dir='ltr'>quodque</span> <span class='ocrx_word' id='word_1_172' title='bbox 1168 792 1190 818; x_wconf 85' lang='lat' dir='ltr'>si</span> <span class='ocrx_word' id='word_1_173' title='bbox 1210 792 1303 824; x_wconf 81' lang='lat' dir='ltr'>alique</span> <span class='ocrx_word' id='word_1_174' title='bbox 1323 791 1485 821; x_wconf 80' lang='lat' dir='ltr'>fidelitates.</span> <span class='ocrx_word' id='word_1_175' title='bbox 1514 791 1657 825; x_wconf 80' lang='lat' dir='ltr'>homagia,</span> <span class='ocrx_word' id='word_1_176' title='bbox 1680 791 1849 821; x_wconf 78' lang='lat' dir='ltr'>obediencie,</span> 
     </span>
     <span class='ocr_line' id='line_1_24' title="bbox 198 842 1849 878; baseline -0.002 -7"><span class='ocrx_word' id='word_1_177' title='bbox 198 844 411 878; x_wconf 86' lang='lat' dir='ltr'>recognitiones,</span> <span class='ocrx_word' id='word_1_178' title='bbox 430 844 602 875; x_wconf 81' lang='lat' dir='ltr'>donationes,</span> <span class='ocrx_word' id='word_1_179' title='bbox 622 845 828 876; x_wconf 78' lang='lat' dir='ltr'>advocationes,</span> <span class='ocrx_word' id='word_1_180' title='bbox 849 845 1046 878; x_wconf 80' lang='lat' dir='ltr'>occupationes</span> <span class='ocrx_word' id='word_1_181' title='bbox 1065 853 1111 870; x_wconf 88' lang='lat' dir='ltr'>seu</span> <span class='ocrx_word' id='word_1_182' title='bbox 1126 844 1315 870; x_wconf 83' lang='lat' dir='ltr'>concessiones</span> <span class='ocrx_word' id='word_1_183' title='bbox 1329 843 1542 876; x_wconf 80' lang='lat' dir='ltr'>qualescumque</span> <span class='ocrx_word' id='word_1_184' title='bbox 1562 852 1578 868; x_wconf 86' lang='lat' dir='ltr'>a</span> <span class='ocrx_word' id='word_1_185' title='bbox 1592 842 1725 876; x_wconf 76' lang='lat' dir='ltr'>predictis</span> <span class='ocrx_word' id='word_1_186' title='bbox 1739 842 1849 869; x_wconf 88' lang='lat' dir='ltr'>domino</span> 
     </span>
     <span class='ocr_line' id='line_1_25' title="bbox 198 894 1848 929; baseline -0.002 -7"><span class='ocrx_word' id='word_1_187' title='bbox 198 896 317 922; x_wconf 86' lang='lat' dir='ltr'>Henrico</span> <span class='ocrx_word' id='word_1_188' title='bbox 337 898 365 922; x_wconf 87' lang='lat' dir='ltr'>et</span> <span class='ocrx_word' id='word_1_189' title='bbox 383 896 524 922; x_wconf 85' lang='lat' dir='ltr'>Ludovico</span> <span class='ocrx_word' id='word_1_190' title='bbox 544 896 587 921; x_wconf 73' lang='lat' dir='ltr'>vel</span> <span class='ocrx_word' id='word_1_191' title='bbox 608 904 700 922; x_wconf 88' lang='lat' dir='ltr'>eorum</span> <span class='ocrx_word' id='word_1_192' title='bbox 720 896 809 922; x_wconf 81' lang='lat' dir='ltr'>altero</span> <span class='ocrx_word' id='word_1_193' title='bbox 834 904 882 929; x_wconf 87' lang='lat' dir='ltr'>per</span> <span class='ocrx_word' id='word_1_194' title='bbox 906 905 934 922; x_wconf 89' lang='lat' dir='ltr'>se</span> <span class='ocrx_word' id='word_1_195' title='bbox 955 896 997 923; x_wconf 88' lang='lat' dir='ltr'>vel</span> <span class='ocrx_word' id='word_1_196' title='bbox 1018 896 1104 922; x_wconf 84' lang='lat' dir='ltr'>alium</span> <span class='ocrx_word' id='word_1_197' title='bbox 1123 905 1170 922; x_wconf 79' lang='lat' dir='ltr'>seu</span> <span class='ocrx_word' id='word_1_198' title='bbox 1190 895 1261 921; x_wconf 86' lang='lat' dir='ltr'>alios</span> <span class='ocrx_word' id='word_1_199' title='bbox 1280 896 1353 921; x_wconf 82' lang='lat' dir='ltr'>facte</span> <span class='ocrx_word' id='word_1_200' title='bbox 1373 894 1477 920; x_wconf 87' lang='lat' dir='ltr'>fuerint</span> <span class='ocrx_word' id='word_1_201' title='bbox 1497 894 1540 919; x_wconf 82' lang='lat' dir='ltr'>vel</span> <span class='ocrx_word' id='word_1_202' title='bbox 1560 896 1670 927; x_wconf 78' lang='lat' dir='ltr'>recepte</span> <span class='ocrx_word' id='word_1_203' title='bbox 1690 902 1739 927; x_wconf 88' lang='lat' dir='ltr'>pro</span> <span class='ocrx_word' id='word_1_204' title='bbox 1754 894 1848 923; x_wconf 82' lang='lat' dir='ltr'>Roma,</span> 
     </span>
     <span class='ocr_line' id='line_1_26' title="bbox 197 944 1848 981; baseline -0.002 -8"><span class='ocrx_word' id='word_1_205' title='bbox 197 946 297 980; x_wconf 79' lang='lat' dir='ltr'>regnis,</span> <span class='ocrx_word' id='word_1_206' title='bbox 318 946 488 980; x_wconf 79' lang='lat' dir='ltr'>[provinciis,</span> <span class='ocrx_word' id='word_1_207' title='bbox 508 946 676 980; x_wconf 85' lang='lat' dir='ltr'>duc]atibus.</span> <span class='ocrx_word' id='word_1_208' title='bbox 696 947 885 979; x_wconf 76' lang='lat' dir='ltr'>comitatibus,</span> <span class='ocrx_word' id='word_1_209' title='bbox 905 947 1079 978; x_wconf 77' lang='lat' dir='ltr'>civitatibus,</span> <span class='ocrx_word' id='word_1_210' title='bbox 1099 947 1219 981; x_wconf 58' lang='lat' dir='ltr'>oppidisy</span> <span class='ocrx_word' id='word_1_211' title='bbox 1239 946 1344 974; x_wconf 82' lang='lat' dir='ltr'>castris,</span> <span class='ocrx_word' id='word_1_212' title='bbox 1365 945 1441 973; x_wconf 76' lang='lat' dir='ltr'>locis.</span> <span class='ocrx_word' id='word_1_213' title='bbox 1461 945 1541 971; x_wconf 80' lang='lat' dir='ltr'>terris</span> <span class='ocrx_word' id='word_1_214' title='bbox 1555 946 1583 971; x_wconf 84' lang='lat' dir='ltr'>et</span> <span class='ocrx_word' id='word_1_215' title='bbox 1596 944 1742 971; x_wconf 76' lang='lat' dir='ltr'>territoriis</span> <span class='ocrx_word' id='word_1_216' title='bbox 1756 953 1848 978; x_wconf 88' lang='lat' dir='ltr'>supra-</span> 
     </span>
     <span class='ocr_line' id='line_1_27' title="bbox 199 995 1851 1032; baseline -0.003 -7"><span class='ocrx_word' id='word_1_217' title='bbox 199 999 283 1025; x_wconf 84' lang='lat' dir='ltr'>dictis</span> <span class='ocrx_word' id='word_1_218' title='bbox 303 999 346 1025; x_wconf 74' lang='lat' dir='ltr'>vel</span> <span class='ocrx_word' id='word_1_219' title='bbox 372 1007 465 1025; x_wconf 89' lang='lat' dir='ltr'>eorum</span> <span class='ocrx_word' id='word_1_220' title='bbox 488 999 583 1031; x_wconf 88' lang='lat' dir='ltr'>aliquo</span> <span class='ocrx_word' id='word_1_221' title='bbox 604 999 647 1025; x_wconf 89' lang='lat' dir='ltr'>vel</span> <span class='ocrx_word' id='word_1_222' title='bbox 671 1007 720 1032; x_wconf 88' lang='lat' dir='ltr'>pro</span> <span class='ocrx_word' id='word_1_223' title='bbox 740 999 913 1032; x_wconf 76' lang='lat' dir='ltr'>quibuslibet</span> <span class='ocrx_word' id='word_1_224' title='bbox 932 999 1013 1025; x_wconf 87' lang='lat' dir='ltr'>rebus</span> <span class='ocrx_word' id='word_1_225' title='bbox 1040 999 1083 1025; x_wconf 83' lang='lat' dir='ltr'>vel</span> <span class='ocrx_word' id='word_1_226' title='bbox 1103 999 1210 1024; x_wconf 82' lang='lat' dir='ltr'>iuribus</span> <span class='ocrx_word' id='word_1_227' title='bbox 1236 998 1263 1023; x_wconf 88' lang='lat' dir='ltr'>in</span> <span class='ocrx_word' id='word_1_228' title='bbox 1290 997 1328 1023; x_wconf 83' lang='lat' dir='ltr'>eis</span> <span class='ocrx_word' id='word_1_229' title='bbox 1356 997 1397 1022; x_wconf 88' lang='lat' dir='ltr'>vel</span> <span class='ocrx_word' id='word_1_230' title='bbox 1424 996 1474 1022; x_wconf 90' lang='lat' dir='ltr'>sub</span> <span class='ocrx_word' id='word_1_231' title='bbox 1493 996 1532 1021; x_wconf 85' lang='lat' dir='ltr'>eis</span> <span class='ocrx_word' id='word_1_232' title='bbox 1551 996 1635 1022; x_wconf 82' lang='lat' dir='ltr'>etiam</span> <span class='ocrx_word' id='word_1_233' title='bbox 1656 995 1815 1022; x_wconf 84' lang='lat' dir='ltr'>constitutis</span> <span class='ocrx_word' id='word_1_234' title='bbox 1835 1003 1851 1020; x_wconf 85' lang='lat' dir='ltr'>a</span> 
     </span>
     <span class='ocr_line' id='line_1_28' title="bbox 199 1047 1850 1084; baseline -0.002 -8"><span class='ocrx_word' id='word_1_235' title='bbox 199 1050 419 1084; x_wconf 83' lang='lat' dir='ltr'>quibuscumque</span> <span class='ocrx_word' id='word_1_236' title='bbox 434 1049 664 1076; x_wconf 73' lang='lat' dir='ltr'>universitatibus</span> <span class='ocrx_word' id='word_1_237' title='bbox 679 1050 721 1075; x_wconf 88' lang='lat' dir='ltr'>vel</span> <span class='ocrx_word' id='word_1_238' title='bbox 737 1051 862 1083; x_wconf 86' lang='lat' dir='ltr'>personis</span> <span class='ocrx_word' id='word_1_239' title='bbox 882 1051 1071 1084; x_wconf 73' lang='lat' dir='ltr'>singularibus</span> <span class='ocrx_word' id='word_1_240' title='bbox 1085 1050 1183 1084; x_wconf 83' lang='lat' dir='ltr'>quovis</span> <span class='ocrx_word' id='word_1_241' title='bbox 1199 1049 1288 1079; x_wconf 88' lang='lat' dir='ltr'>modo,</span> <span class='ocrx_word' id='word_1_242' title='bbox 1308 1049 1357 1075; x_wconf 84' lang='lat' dir='ltr'>illa</span> <span class='ocrx_word' id='word_1_243' title='bbox 1376 1048 1468 1075; x_wconf 89' lang='lat' dir='ltr'>omnia</span> <span class='ocrx_word' id='word_1_244' title='bbox 1487 1049 1543 1074; x_wconf 84' lang='lat' dir='ltr'>sore</span> <span class='ocrx_word' id='word_1_245' title='bbox 1562 1048 1639 1073; x_wconf 86' lang='lat' dir='ltr'>nulla</span> <span class='ocrx_word' id='word_1_246' title='bbox 1654 1047 1850 1081; x_wconf 74' lang='lat' dir='ltr'>pronuntiabo.</span> 
     </span>
     <span class='ocr_line' id='line_1_29' title="bbox 200 1098 1850 1134; baseline -0.002 -7"><span class='ocrx_word' id='word_1_247' title='bbox 200 1103 236 1129; x_wconf 84' lang='lat' dir='ltr'>et.</span> <span class='ocrx_word' id='word_1_248' title='bbox 251 1103 390 1134; x_wconf 85' lang='lat' dir='ltr'>quatenus</span> <span class='ocrx_word' id='word_1_249' title='bbox 403 1100 605 1134; x_wconf 83' lang='lat' dir='ltr'>proce[sserunt</span> <span class='ocrx_word' id='word_1_250' title='bbox 625 1101 657 1126; x_wconf 89' lang='lat' dir='ltr'>de</span> <span class='ocrx_word' id='word_1_251' title='bbox 671 1101 764 1134; x_wconf 63' lang='lat' dir='ltr'>facto]</span> <span class='ocrx_word' id='word_1_252' title='bbox 780 1101 907 1128; x_wconf 82' lang='lat' dir='ltr'>totaliter</span> <span class='ocrx_word' id='word_1_253' title='bbox 918 1101 1063 1128; x_wconf 77' lang='lat' dir='ltr'>revocabo.</span> <span class='ocrx_word' id='word_1_254' title='bbox 1080 1103 1108 1127; x_wconf 89' lang='lat' dir='ltr'>et</span> <span class='ocrx_word' id='word_1_255' title='bbox 1122 1101 1207 1127; x_wconf 87' lang='lat' dir='ltr'>etiam</span> <span class='ocrx_word' id='word_1_256' title='bbox 1222 1109 1271 1134; x_wconf 80' lang='lat' dir='ltr'>pro</span> <span class='ocrx_word' id='word_1_257' title='bbox 1282 1109 1336 1126; x_wconf 91' lang='lat' dir='ltr'>non</span> <span class='ocrx_word' id='word_1_258' title='bbox 1347 1100 1429 1126; x_wconf 82' lang='lat' dir='ltr'>sactis</span> <span class='ocrx_word' id='word_1_259' title='bbox 1441 1100 1531 1125; x_wconf 88' lang='lat' dir='ltr'>volam</span> <span class='ocrx_word' id='word_1_260' title='bbox 1545 1101 1573 1125; x_wconf 87' lang='lat' dir='ltr'>et</span> <span class='ocrx_word' id='word_1_261' title='bbox 1587 1099 1731 1125; x_wconf 78' lang='lat' dir='ltr'>decernam</span> <span class='ocrx_word' id='word_1_262' title='bbox 1746 1098 1850 1125; x_wconf 87' lang='lat' dir='ltr'>haberi.</span> 
     </span>
    </p>

    <p class='ocr_par' dir='ltr' id='par_1_15' title="bbox 199 1150 1852 1545">
     <span class='ocr_line' id='line_1_30' title="bbox 303 1150 1851 1187; baseline -0.001 -10"><span class='ocrx_word' id='word_1_263' title='bbox 303 1152 362 1184; x_wconf 60' lang='lat' dir='ltr'>(Vl)</span> <span class='ocrx_word' id='word_1_264' title='bbox 381 1153 452 1179; x_wconf 88' lang='lat' dir='ltr'>Item</span> <span class='ocrx_word' id='word_1_265' title='bbox 472 1153 608 1186; x_wconf 88' lang='lat' dir='ltr'>promicto</span> <span class='ocrx_word' id='word_1_266' title='bbox 628 1154 655 1179; x_wconf 84' lang='lat' dir='ltr'>et</span> <span class='ocrx_word' id='word_1_267' title='bbox 675 1152 743 1183; x_wconf 78' lang='lat' dir='ltr'>iuro,</span> <span class='ocrx_word' id='word_1_268' title='bbox 772 1153 846 1186; x_wconf 88' lang='lat' dir='ltr'>quod</span> <span class='ocrx_word' id='word_1_269' title='bbox 868 1154 1038 1186; x_wconf 65' lang='lat' dir='ltr'>*antequam</span> <span class='ocrx_word' id='word_1_270' title='bbox 1059 1153 1200 1185; x_wconf 77' lang='lat' dir='ltr'>ingrediar</span> <span class='ocrx_word' id='word_1_271' title='bbox 1220 1154 1314 1187; x_wconf 84' lang='lat' dir='ltr'>partes</span> <span class='ocrx_word' id='word_1_272' title='bbox 1334 1151 1415 1178; x_wconf 84' lang='lat' dir='ltr'>ltalie</span> <span class='ocrx_word' id='word_1_273' title='bbox 1435 1153 1463 1177; x_wconf 83' lang='lat' dir='ltr'>et</span> <span class='ocrx_word' id='word_1_274' title='bbox 1481 1152 1632 1183; x_wconf 82' lang='lat' dir='ltr'>antequam</span> <span class='ocrx_word' id='word_1_275' title='bbox 1651 1150 1678 1175; x_wconf 92' lang='lat' dir='ltr'>in</span> <span class='ocrx_word' id='word_1_276' title='bbox 1698 1150 1737 1176; x_wconf 91' lang='lat' dir='ltr'>eis</span> <span class='ocrx_word' id='word_1_277' title='bbox 1757 1150 1798 1175; x_wconf 87' lang='lat' dir='ltr'>vel</span> <span class='ocrx_word' id='word_1_278' title='bbox 1818 1150 1851 1175; x_wconf 81' lang='lat' dir='ltr'>de</span> 
     </span>
     <span class='ocr_line' id='line_1_31' title="bbox 199 1201 1850 1238; baseline -0.002 -8"><span class='ocrx_word' id='word_1_279' title='bbox 199 1204 238 1230; x_wconf 81' lang='lat' dir='ltr'>eis</span> <span class='ocrx_word' id='word_1_280' title='bbox 262 1213 312 1238; x_wconf 89' lang='lat' dir='ltr'>per</span> <span class='ocrx_word' id='word_1_281' title='bbox 334 1212 376 1229; x_wconf 87' lang='lat' dir='ltr'>me</span> <span class='ocrx_word' id='word_1_282' title='bbox 402 1203 445 1230; x_wconf 79' lang='lat' dir='ltr'>vel</span> <span class='ocrx_word' id='word_1_283' title='bbox 469 1203 554 1229; x_wconf 87' lang='lat' dir='ltr'>alium</span> <span class='ocrx_word' id='word_1_284' title='bbox 579 1212 626 1230; x_wconf 75' lang='lat' dir='ltr'>seu</span> <span class='ocrx_word' id='word_1_285' title='bbox 650 1203 720 1230; x_wconf 81' lang='lat' dir='ltr'>alios</span> <span class='ocrx_word' id='word_1_286' title='bbox 744 1204 851 1237; x_wconf 84' lang='lat' dir='ltr'>aliquid</span> <span class='ocrx_word' id='word_1_287' title='bbox 871 1203 1019 1237; x_wconf 73' lang='lat' dir='ltr'>disponam</span> <span class='ocrx_word' id='word_1_288' title='bbox 1048 1206 1097 1230; x_wconf 83' lang='lat' dir='ltr'>aut</span> <span class='ocrx_word' id='word_1_289' title='bbox 1121 1203 1331 1236; x_wconf 78' lang='lat' dir='ltr'>quomodolibet</span> <span class='ocrx_word' id='word_1_290' title='bbox 1350 1201 1553 1228; x_wconf 79' lang='lat' dir='ltr'>administrem.</span> <span class='ocrx_word' id='word_1_291' title='bbox 1578 1201 1652 1234; x_wconf 88' lang='lat' dir='ltr'>apud</span> <span class='ocrx_word' id='word_1_292' title='bbox 1671 1201 1850 1227; x_wconf 76' lang='lat' dir='ltr'>sanctitatem</span> 
     </span>
     <span class='ocr_line' id='line_1_32' title="bbox 199 1252 1851 1289; baseline -0.001 -9"><span class='ocrx_word' id='word_1_293' title='bbox 199 1255 340 1282; x_wconf 75' lang='lat' dir='ltr'>vesti-amb</span> <span class='ocrx_word' id='word_1_294' title='bbox 361 1255 515 1288; x_wconf 80' lang='lat' dir='ltr'>predictam</span> <span class='ocrx_word' id='word_1_295' title='bbox 536 1257 563 1281; x_wconf 80' lang='lat' dir='ltr'>et</span> <span class='ocrx_word' id='word_1_296' title='bbox 576 1255 667 1282; x_wconf 87' lang='lat' dir='ltr'>sedem</span> <span class='ocrx_word' id='word_1_297' title='bbox 682 1255 867 1289; x_wconf 85' lang='lat' dir='ltr'>apostolicam</span> <span class='ocrx_word' id='word_1_298' title='bbox 882 1255 1116 1288; x_wconf 80' lang='lat' dir='ltr'>approbationem</span> <span class='ocrx_word' id='word_1_299' title='bbox 1131 1263 1247 1288; x_wconf 82' lang='lat' dir='ltr'>persone</span> <span class='ocrx_word' id='word_1_300' title='bbox 1267 1263 1326 1280; x_wconf 89' lang='lat' dir='ltr'>mee</span> <span class='ocrx_word' id='word_1_301' title='bbox 1345 1256 1373 1280; x_wconf 89' lang='lat' dir='ltr'>et</span> <span class='ocrx_word' id='word_1_302' title='bbox 1394 1255 1494 1284; x_wconf 84' lang='lat' dir='ltr'>cetera,</span> <span class='ocrx_word' id='word_1_303' title='bbox 1515 1261 1568 1285; x_wconf 89' lang='lat' dir='ltr'>que</span> <span class='ocrx_word' id='word_1_304' title='bbox 1587 1252 1691 1278; x_wconf 86' lang='lat' dir='ltr'>electus</span> <span class='ocrx_word' id='word_1_305' title='bbox 1712 1253 1738 1278; x_wconf 93' lang='lat' dir='ltr'>in</span> <span class='ocrx_word' id='word_1_306' title='bbox 1758 1261 1851 1286; x_wconf 84' lang='lat' dir='ltr'>regem</span> 
     </span>
     <span class='ocr_line' id='line_1_33' title="bbox 199 1303 1852 1340; baseline -0.001 -8"><span class='ocrx_word' id='word_1_307' title='bbox 199 1306 385 1332; x_wconf 86' lang='lat' dir='ltr'>Romanorum</span> <span class='ocrx_word' id='word_1_308' title='bbox 407 1306 608 1340; x_wconf 84' lang='lat' dir='ltr'>promovendus</span> <span class='ocrx_word' id='word_1_309' title='bbox 632 1306 660 1332; x_wconf 92' lang='lat' dir='ltr'>in</span> <span class='ocrx_word' id='word_1_310' title='bbox 685 1307 881 1340; x_wconf 76' lang='lat' dir='ltr'>imperatorem</span> <span class='ocrx_word' id='word_1_311' title='bbox 908 1306 994 1332; x_wconf 85' lang='lat' dir='ltr'>habet</span> <span class='ocrx_word' id='word_1_312' title='bbox 1014 1306 1156 1340; x_wconf 76' lang='lat' dir='ltr'>prosequi,</span> <span class='ocrx_word' id='word_1_313' title='bbox 1181 1314 1331 1340; x_wconf 83' lang='lat' dir='ltr'>prosequar</span> <span class='ocrx_word' id='word_1_314' title='bbox 1357 1314 1418 1331; x_wconf 85' lang='lat' dir='ltr'>cum</span> <span class='ocrx_word' id='word_1_315' title='bbox 1438 1304 1545 1330; x_wconf 87' lang='lat' dir='ltr'>effectu.</span> <span class='ocrx_word' id='word_1_316' title='bbox 1582 1304 1652 1330; x_wconf 72' lang='lat' dir='ltr'>Item</span> <span class='ocrx_word' id='word_1_317' title='bbox 1672 1303 1804 1337; x_wconf 82' lang='lat' dir='ltr'>promitto</span> <span class='ocrx_word' id='word_1_318' title='bbox 1824 1306 1852 1330; x_wconf 85' lang='lat' dir='ltr'>et</span> 
     </span>
     <span class='ocr_line' id='line_1_34' title="bbox 201 1354 1849 1392; baseline -0.002 -9"><span class='ocrx_word' id='word_1_319' title='bbox 201 1358 268 1387; x_wconf 82' lang='lat' dir='ltr'>iuro,</span> <span class='ocrx_word' id='word_1_320' title='bbox 289 1358 370 1391; x_wconf 77' lang='lat' dir='ltr'>quod,</span> <span class='ocrx_word' id='word_1_321' title='bbox 385 1358 614 1391; x_wconf 79' lang='lat' dir='ltr'>quandocumque</span> <span class='ocrx_word' id='word_1_322' title='bbox 629 1361 692 1392; x_wconf 86' lang='lat' dir='ltr'>post</span> <span class='ocrx_word' id='word_1_323' title='bbox 706 1358 937 1392; x_wconf 85' lang='lat' dir='ltr'>approbationem</span> <span class='ocrx_word' id='word_1_324' title='bbox 952 1358 1107 1392; x_wconf 80' lang='lat' dir='ltr'>predictam</span> <span class='ocrx_word' id='word_1_325' title='bbox 1123 1358 1150 1383; x_wconf 87' lang='lat' dir='ltr'>in</span> <span class='ocrx_word' id='word_1_326' title='bbox 1166 1357 1358 1383; x_wconf 86' lang='lat' dir='ltr'>Lombardiam</span> <span class='ocrx_word' id='word_1_327' title='bbox 1379 1358 1407 1382; x_wconf 89' lang='lat' dir='ltr'>et</span> <span class='ocrx_word' id='word_1_328' title='bbox 1421 1355 1548 1381; x_wconf 80' lang='lat' dir='ltr'>Tusciam</span> <span class='ocrx_word' id='word_1_329' title='bbox 1570 1355 1613 1381; x_wconf 89' lang='lat' dir='ltr'>vel</span> <span class='ocrx_word' id='word_1_330' title='bbox 1627 1364 1720 1381; x_wconf 85' lang='lat' dir='ltr'>earum</span> <span class='ocrx_word' id='word_1_331' title='bbox 1733 1354 1849 1381; x_wconf 84' lang='lat' dir='ltr'>alteram</span> 
     </span>
     <span class='ocr_line' id='line_1_35' title="bbox 201 1406 1849 1443; baseline -0.002 -8"><span class='ocrx_word' id='word_1_332' title='bbox 201 1409 322 1442; x_wconf 80' lang='lat' dir='ltr'>aliquem</span> <span class='ocrx_word' id='word_1_333' title='bbox 344 1409 386 1436; x_wconf 92' lang='lat' dir='ltr'>vel</span> <span class='ocrx_word' id='word_1_334' title='bbox 406 1409 514 1442; x_wconf 83' lang='lat' dir='ltr'>aliquos</span> <span class='ocrx_word' id='word_1_335' title='bbox 529 1409 642 1435; x_wconf 87' lang='lat' dir='ltr'>mictam</span> <span class='ocrx_word' id='word_1_336' title='bbox 664 1418 713 1443; x_wconf 90' lang='lat' dir='ltr'>pro</span> <span class='ocrx_word' id='word_1_337' title='bbox 733 1409 813 1436; x_wconf 83' lang='lat' dir='ltr'>terris</span> <span class='ocrx_word' id='word_1_338' title='bbox 832 1410 871 1443; x_wconf 81' lang='lat' dir='ltr'>[et</span> <span class='ocrx_word' id='word_1_339' title='bbox 891 1410 1006 1442; x_wconf 76' lang='lat' dir='ltr'>iuribus]</span> <span class='ocrx_word' id='word_1_340' title='bbox 1027 1409 1137 1443; x_wconf 83' lang='lat' dir='ltr'>imperii</span> <span class='ocrx_word' id='word_1_341' title='bbox 1157 1408 1353 1442; x_wconf 73' lang='lat' dir='ltr'>gubernandis,</span> <span class='ocrx_word' id='word_1_342' title='bbox 1373 1407 1501 1440; x_wconf 79' lang='lat' dir='ltr'>quotiens</span> <span class='ocrx_word' id='word_1_343' title='bbox 1521 1406 1598 1432; x_wconf 90' lang='lat' dir='ltr'>illum</span> <span class='ocrx_word' id='word_1_344' title='bbox 1618 1406 1661 1432; x_wconf 86' lang='lat' dir='ltr'>vel</span> <span class='ocrx_word' id='word_1_345' title='bbox 1681 1406 1744 1432; x_wconf 88' lang='lat' dir='ltr'>illos</span> <span class='ocrx_word' id='word_1_346' title='bbox 1764 1408 1849 1432; x_wconf 83' lang='lat' dir='ltr'>trans-</span> 
     </span>
     <span class='ocr_line' id='line_1_36' title="bbox 201 1458 1849 1493; baseline -0.002 -6"><span class='ocrx_word' id='word_1_347' title='bbox 201 1461 320 1491; x_wconf 76' lang='lat' dir='ltr'>mittam,</span> <span class='ocrx_word' id='word_1_348' title='bbox 339 1461 441 1487; x_wconf 82' lang='lat' dir='ltr'>faciam</span> <span class='ocrx_word' id='word_1_349' title='bbox 461 1469 522 1487; x_wconf 89' lang='lat' dir='ltr'>eum</span> <span class='ocrx_word' id='word_1_350' title='bbox 542 1463 570 1487; x_wconf 89' lang='lat' dir='ltr'>et</span> <span class='ocrx_word' id='word_1_351' title='bbox 589 1470 635 1487; x_wconf 88' lang='lat' dir='ltr'>eos</span> <span class='ocrx_word' id='word_1_352' title='bbox 655 1461 754 1489; x_wconf 81' lang='lat' dir='ltr'>iurare.</span> <span class='ocrx_word' id='word_1_353' title='bbox 776 1464 807 1487; x_wconf 92' lang='lat' dir='ltr'>ut</span> <span class='ocrx_word' id='word_1_354' title='bbox 826 1461 938 1487; x_wconf 82' lang='lat' dir='ltr'>adiutor</span> <span class='ocrx_word' id='word_1_355' title='bbox 958 1461 999 1487; x_wconf 83' lang='lat' dir='ltr'>vel</span> <span class='ocrx_word' id='word_1_356' title='bbox 1021 1461 1161 1487; x_wconf 85' lang='lat' dir='ltr'>adiutores</span> <span class='ocrx_word' id='word_1_357' title='bbox 1181 1460 1285 1486; x_wconf 87' lang='lat' dir='ltr'>domini</span> <span class='ocrx_word' id='word_1_358' title='bbox 1306 1468 1378 1493; x_wconf 87' lang='lat' dir='ltr'>pape</span> <span class='ocrx_word' id='word_1_359' title='bbox 1397 1459 1454 1485; x_wconf 85' lang='lat' dir='ltr'>sint</span> <span class='ocrx_word' id='word_1_360' title='bbox 1473 1458 1507 1484; x_wconf 82' lang='lat' dir='ltr'>ad</span> <span class='ocrx_word' id='word_1_361' title='bbox 1528 1458 1729 1484; x_wconf 80' lang='lat' dir='ltr'>defendendum</span> <span class='ocrx_word' id='word_1_362' title='bbox 1748 1460 1849 1484; x_wconf 83' lang='lat' dir='ltr'>terram</span> 
     </span>
     <span class='ocr_line' id='line_1_37' title="bbox 199 1512 1151 1545; baseline 0 -7"><span class='ocrx_word' id='word_1_363' title='bbox 199 1512 290 1539; x_wconf 77' lang='lat' dir='ltr'>sancti</span> <span class='ocrx_word' id='word_1_364' title='bbox 313 1512 386 1538; x_wconf 84' lang='lat' dir='ltr'>Petri</span> <span class='ocrx_word' id='word_1_365' title='bbox 406 1514 434 1538; x_wconf 89' lang='lat' dir='ltr'>et</span> <span class='ocrx_word' id='word_1_366' title='bbox 454 1512 606 1538; x_wconf 76' lang='lat' dir='ltr'>Romanam</span> <span class='ocrx_word' id='word_1_367' title='bbox 627 1513 772 1539; x_wconf 83' lang='lat' dir='ltr'>ecclesiam</span> <span class='ocrx_word' id='word_1_368' title='bbox 795 1513 946 1538; x_wconf 78' lang='lat' dir='ltr'>secundum</span> <span class='ocrx_word' id='word_1_369' title='bbox 965 1521 1043 1538; x_wconf 71' lang='lat' dir='ltr'>suum</span> <span class='ocrx_word' id='word_1_370' title='bbox 1065 1520 1151 1545; x_wconf 84' lang='lat' dir='ltr'>posse.</span> 
     </span>
    </p>

    <p class='ocr_par' dir='ltr' id='par_1_16' title="bbox 201 1559 1853 2419">
     <span class='ocr_line' id='line_1_38' title="bbox 303 1559 1850 1596; baseline -0.002 -8"><span class='ocrx_word' id='word_1_371' title='bbox 303 1563 377 1595; x_wconf 79' lang='lat' dir='ltr'><strong>(VH)</strong></span> <span class='ocrx_word' id='word_1_372' title='bbox 397 1563 468 1588; x_wconf 84' lang='lat' dir='ltr'>Item</span> <span class='ocrx_word' id='word_1_373' title='bbox 487 1562 624 1596; x_wconf 65' lang='lat' dir='ltr'>promit-to</span> <span class='ocrx_word' id='word_1_374' title='bbox 645 1566 673 1589; x_wconf 86' lang='lat' dir='ltr'>et</span> <span class='ocrx_word' id='word_1_375' title='bbox 692 1564 765 1594; x_wconf 83' lang='lat' dir='ltr'>iuro,</span> <span class='ocrx_word' id='word_1_376' title='bbox 791 1563 864 1596; x_wconf 82' lang='lat' dir='ltr'>qnod</span> <span class='ocrx_word' id='word_1_377' title='bbox 884 1562 999 1588; x_wconf 81' lang='lat' dir='ltr'>*omnia</span> <span class='ocrx_word' id='word_1_378' title='bbox 1018 1565 1046 1588; x_wconf 74' lang='lat' dir='ltr'>ct</span> <span class='ocrx_word' id='word_1_379' title='bbox 1065 1562 1176 1595; x_wconf 79' lang='lat' dir='ltr'>singula</span> <span class='ocrx_word' id='word_1_380' title='bbox 1195 1561 1387 1595; x_wconf 83' lang='lat' dir='ltr'>suprascripta</span> <span class='ocrx_word' id='word_1_381' title='bbox 1406 1563 1434 1586; x_wconf 84' lang='lat' dir='ltr'>et</span> <span class='ocrx_word' id='word_1_382' title='bbox 1454 1559 1632 1593; x_wconf 77' lang='lat' dir='ltr'>infrascripta</span> <span class='ocrx_word' id='word_1_383' title='bbox 1650 1568 1699 1593; x_wconf 85' lang='lat' dir='ltr'>per</span> <span class='ocrx_word' id='word_1_384' title='bbox 1718 1560 1770 1592; x_wconf 85' lang='lat' dir='ltr'>[me</span> <span class='ocrx_word' id='word_1_385' title='bbox 1790 1568 1850 1593; x_wconf 87' lang='lat' dir='ltr'>pro-</span> 
     </span>
     <span class='ocr_line' id='line_1_39' title="bbox 201 1611 1850 1647; baseline -0.002 -8"><span class='ocrx_word' id='word_1_386' title='bbox 201 1613 294 1647; x_wconf 87' lang='lat' dir='ltr'>missa]</span> <span class='ocrx_word' id='word_1_387' title='bbox 314 1615 342 1639; x_wconf 87' lang='lat' dir='ltr'>et</span> <span class='ocrx_word' id='word_1_388' title='bbox 362 1622 410 1647; x_wconf 92' lang='lat' dir='ltr'>per</span> <span class='ocrx_word' id='word_1_389' title='bbox 428 1622 471 1640; x_wconf 88' lang='lat' dir='ltr'>me</span> <span class='ocrx_word' id='word_1_390' title='bbox 491 1614 608 1647; x_wconf 80' lang='lat' dir='ltr'>prestito</span> <span class='ocrx_word' id='word_1_391' title='bbox 628 1614 783 1641; x_wconf 85' lang='lat' dir='ltr'>iuramento</span> <span class='ocrx_word' id='word_1_392' title='bbox 804 1615 910 1640; x_wconf 76' lang='lat' dir='ltr'>vallata</span> <span class='ocrx_word' id='word_1_393' title='bbox 930 1616 993 1647; x_wconf 77' lang='lat' dir='ltr'>post</span> <span class='ocrx_word' id='word_1_394' title='bbox 1012 1613 1245 1647; x_wconf 74' lang='lat' dir='ltr'>approbationem</span> <span class='ocrx_word' id='word_1_395' title='bbox 1265 1622 1353 1639; x_wconf 79' lang='lat' dir='ltr'>meam</span> <span class='ocrx_word' id='word_1_396' title='bbox 1374 1621 1422 1646; x_wconf 86' lang='lat' dir='ltr'>per</span> <span class='ocrx_word' id='word_1_397' title='bbox 1440 1612 1531 1638; x_wconf 87' lang='lat' dir='ltr'>sedem</span> <span class='ocrx_word' id='word_1_398' title='bbox 1546 1611 1727 1645; x_wconf 87' lang='lat' dir='ltr'>apostolicam</span> <span class='ocrx_word' id='word_1_399' title='bbox 1748 1612 1850 1638; x_wconf 82' lang='lat' dir='ltr'>factam</span> 
     </span>
     <span class='ocr_line' id='line_1_40' title="bbox 201 1662 1850 1699; baseline -0.001 -9"><span class='ocrx_word' id='word_1_400' title='bbox 201 1665 274 1691; x_wconf 89' lang='lat' dir='ltr'>bona</span> <span class='ocrx_word' id='word_1_401' title='bbox 293 1665 345 1691; x_wconf 79' lang='lat' dir='ltr'>fide</span> <span class='ocrx_word' id='word_1_402' title='bbox 365 1667 393 1691; x_wconf 90' lang='lat' dir='ltr'>et</span> <span class='ocrx_word' id='word_1_403' title='bbox 413 1665 616 1692; x_wconf 82' lang='lat' dir='ltr'>inviolabiliter</span> <span class='ocrx_word' id='word_1_404' title='bbox 636 1666 796 1693; x_wconf 80' lang='lat' dir='ltr'>observabo.</span> <span class='ocrx_word' id='word_1_405' title='bbox 823 1665 933 1696; x_wconf 78' lang='lat' dir='ltr'>faciam,</span> <span class='ocrx_word' id='word_1_406' title='bbox 954 1665 1077 1698; x_wconf 86' lang='lat' dir='ltr'>implebo</span> <span class='ocrx_word' id='word_1_407' title='bbox 1097 1667 1125 1691; x_wconf 86' lang='lat' dir='ltr'>et</span> <span class='ocrx_word' id='word_1_408' title='bbox 1145 1664 1321 1699; x_wconf 78' lang='lat' dir='ltr'>integraliter</span> <span class='ocrx_word' id='word_1_409' title='bbox 1339 1664 1482 1690; x_wconf 83' lang='lat' dir='ltr'>attendam</span> <span class='ocrx_word' id='word_1_410' title='bbox 1503 1663 1581 1689; x_wconf 79' lang='lat' dir='ltr'>iuxta</span> <span class='ocrx_word' id='word_1_411' title='bbox 1600 1662 1768 1696; x_wconf 86' lang='lat' dir='ltr'>presentium</span> <span class='ocrx_word' id='word_1_412' title='bbox 1789 1671 1850 1688; x_wconf 60' lang='lat' dir='ltr'>con&lt;</span> 
     </span>
     <span class='ocr_line' id='line_1_41' title="bbox 202 1715 1850 1750; baseline -0.002 -8"><span class='ocrx_word' id='word_1_413' title='bbox 202 1715 353 1743; x_wconf 85' lang='lat' dir='ltr'>tinenciam</span> <span class='ocrx_word' id='word_1_414' title='bbox 373 1718 401 1742; x_wconf 87' lang='lat' dir='ltr'>et</span> <span class='ocrx_word' id='word_1_415' title='bbox 415 1719 551 1746; x_wconf 85' lang='lat' dir='ltr'>tenorem</span> <span class='ocrx_word' id='word_1_416' title='bbox 571 1717 719 1750; x_wconf 64' lang='lat' dir='ltr'>quodque*</span> <span class='ocrx_word' id='word_1_417' title='bbox 740 1717 872 1743; x_wconf 64' lang='lat' dir='ltr'>mittam*</span> <span class='ocrx_word' id='word_1_418' title='bbox 893 1737 918 1743; x_wconf 94' lang='lat'>..</span> <span class='ocrx_word' id='word_1_419' title='bbox 939 1718 1130 1750; x_wconf 77' lang='lat' dir='ltr'>procuratores</span> <span class='ocrx_word' id='word_1_420' title='bbox 1150 1724 1224 1742; x_wconf 78' lang='lat' dir='ltr'>meos</span> <span class='ocrx_word' id='word_1_421' title='bbox 1243 1716 1278 1741; x_wconf 89' lang='lat' dir='ltr'>ad</span> <span class='ocrx_word' id='word_1_422' title='bbox 1297 1716 1387 1742; x_wconf 85' lang='lat' dir='ltr'>sedem</span> <span class='ocrx_word' id='word_1_423' title='bbox 1402 1715 1585 1748; x_wconf 83' lang='lat' dir='ltr'>apostolicam</span> <span class='ocrx_word' id='word_1_424' title='bbox 1605 1715 1684 1740; x_wconf 67' lang='lat' dir='ltr'>cum*</span> <span class='ocrx_word' id='word_1_425' title='bbox 1704 1715 1850 1740; x_wconf 76' lang='lat' dir='ltr'>sufficienti</span> 
     </span>
     <span class='ocr_line' id='line_1_42' title="bbox 202 1766 1851 1802; baseline -0.001 -10"><span class='ocrx_word' id='word_1_426' title='bbox 202 1767 334 1794; x_wconf 83' lang='lat' dir='ltr'>mandato</span> <span class='ocrx_word' id='word_1_427' title='bbox 355 1767 407 1800; x_wconf 73' lang='lat' dir='ltr'>[ac]</span> <span class='ocrx_word' id='word_1_428' title='bbox 427 1767 544 1801; x_wconf 84' lang='lat' dir='ltr'>speciali</span> <span class='ocrx_word' id='word_1_429' title='bbox 564 1771 591 1794; x_wconf 86' lang='lat' dir='ltr'>et</span> <span class='ocrx_word' id='word_1_430' title='bbox 611 1777 738 1802; x_wconf 77' lang='lat' dir='ltr'>expresso</span> <span class='ocrx_word' id='word_1_431' title='bbox 758 1769 791 1795; x_wconf 88' lang='lat' dir='ltr'>de</span> <span class='ocrx_word' id='word_1_432' title='bbox 811 1768 940 1794; x_wconf 80' lang='lat' dir='ltr'>omnibus</span> <span class='ocrx_word' id='word_1_433' title='bbox 956 1767 1194 1801; x_wconf 79' lang='lat' dir='ltr'>promissionibus,</span> <span class='ocrx_word' id='word_1_434' title='bbox 1214 1767 1445 1794; x_wconf 81' lang='lat' dir='ltr'>concessionibus,</span> <span class='ocrx_word' id='word_1_435' title='bbox 1466 1766 1660 1792; x_wconf 76' lang='lat' dir='ltr'>donationibus</span> <span class='ocrx_word' id='word_1_436' title='bbox 1679 1767 1707 1792; x_wconf 85' lang='lat' dir='ltr'>et</span> <span class='ocrx_word' id='word_1_437' title='bbox 1726 1766 1851 1792; x_wconf 79' lang='lat' dir='ltr'>omnibus</span> 
     </span>
     <span class='ocr_line' id='line_1_43' title="bbox 203 1816 1851 1853; baseline -0.002 -9"><span class='ocrx_word' id='word_1_438' title='bbox 203 1819 287 1845; x_wconf 88' lang='lat' dir='ltr'>etiam</span> <span class='ocrx_word' id='word_1_439' title='bbox 308 1819 372 1844; x_wconf 86' lang='lat' dir='ltr'>aliis</span> <span class='ocrx_word' id='word_1_440' title='bbox 387 1819 555 1852; x_wconf 84' lang='lat' dir='ltr'>supradictis</span> <span class='ocrx_word' id='word_1_441' title='bbox 570 1820 747 1846; x_wconf 80' lang='lat' dir='ltr'>sanctissimo</span> <span class='ocrx_word' id='word_1_442' title='bbox 768 1820 841 1853; x_wconf 81' lang='lat' dir='ltr'>patri</span> <span class='ocrx_word' id='word_1_443' title='bbox 856 1820 966 1845; x_wconf 88' lang='lat' dir='ltr'>domino</span> <span class='ocrx_word' id='word_1_444' title='bbox 982 1819 1115 1845; x_wconf 75' lang='lat' dir='ltr'>Clementi</span> <span class='ocrx_word' id='word_1_445' title='bbox 1136 1818 1246 1844; x_wconf 87' lang='lat' dir='ltr'>nomine</span> <span class='ocrx_word' id='word_1_446' title='bbox 1264 1827 1312 1844; x_wconf 86' lang='lat' dir='ltr'>suo</span> <span class='ocrx_word' id='word_1_447' title='bbox 1333 1820 1360 1843; x_wconf 86' lang='lat' dir='ltr'>et</span> <span class='ocrx_word' id='word_1_448' title='bbox 1380 1817 1494 1843; x_wconf 77' lang='lat' dir='ltr'>ecclesie</span> <span class='ocrx_word' id='word_1_449' title='bbox 1515 1817 1636 1843; x_wconf 79' lang='lat' dir='ltr'>Romane</span> <span class='ocrx_word' id='word_1_450' title='bbox 1654 1816 1851 1850; x_wconf 75' lang='lat' dir='ltr'>recipientibus</span> 
     </span>
     <span class='ocr_line' id='line_1_44' title="bbox 202 1867 1851 1904; baseline -0.002 -8"><span class='ocrx_word' id='word_1_451' title='bbox 202 1879 251 1904; x_wconf 84' lang='lat' dir='ltr'>per</span> <span class='ocrx_word' id='word_1_452' title='bbox 270 1879 315 1897; x_wconf 83' lang='lat' dir='ltr'>eos</span> <span class='ocrx_word' id='word_1_453' title='bbox 334 1876 404 1904; x_wconf 77' lang='lat' dir='ltr'>proc</span> <span class='ocrx_word' id='word_1_454' title='bbox 424 1880 467 1897; x_wconf 87' lang='lat' dir='ltr'>me</span> <span class='ocrx_word' id='word_1_455' title='bbox 489 1871 541 1904; x_wconf 76' lang='lat' dir='ltr'>[acl</span> <span class='ocrx_word' id='word_1_456' title='bbox 562 1880 622 1897; x_wconf 86' lang='lat' dir='ltr'>meo</span> <span class='ocrx_word' id='word_1_457' title='bbox 642 1871 752 1898; x_wconf 89' lang='lat' dir='ltr'>nomine</span> <span class='ocrx_word' id='word_1_458' title='bbox 772 1871 922 1900; x_wconf 78' lang='lat' dir='ltr'>faciendis,</span> <span class='ocrx_word' id='word_1_459' title='bbox 945 1871 992 1904; x_wconf 79' lang='lat' dir='ltr'>qui</span> <span class='ocrx_word' id='word_1_460' title='bbox 1014 1872 1205 1904; x_wconf 79' lang='lat' dir='ltr'>procuratores</span> <span class='ocrx_word' id='word_1_461' title='bbox 1230 1879 1290 1896; x_wconf 81' lang='lat' dir='ltr'>meo</span> <span class='ocrx_word' id='word_1_462' title='bbox 1314 1869 1424 1896; x_wconf 85' lang='lat' dir='ltr'>nomine</span> <span class='ocrx_word' id='word_1_463' title='bbox 1448 1877 1540 1895; x_wconf 83' lang='lat' dir='ltr'>omnes</span> <span class='ocrx_word' id='word_1_464' title='bbox 1560 1867 1766 1902; x_wconf 67' lang='lat' dir='ltr'>promissiones,</span> <span class='ocrx_word' id='word_1_465' title='bbox 1791 1876 1851 1894; x_wconf 89' lang='lat' dir='ltr'>con-</span> 
     </span>
     <span class='ocr_line' id='line_1_45' title="bbox 202 1918 1851 1956; baseline -0.001 -9"><span class='ocrx_word' id='word_1_466' title='bbox 202 1921 351 1948; x_wconf 74' lang='lat' dir='ltr'>cessiones.</span> <span class='ocrx_word' id='word_1_467' title='bbox 376 1922 554 1950; x_wconf 79' lang='lat' dir='ltr'>donationes,</span> <span class='ocrx_word' id='word_1_468' title='bbox 579 1925 607 1948; x_wconf 84' lang='lat' dir='ltr'>et</span> <span class='ocrx_word' id='word_1_469' title='bbox 626 1923 718 1949; x_wconf 83' lang='lat' dir='ltr'>onmia</span> <span class='ocrx_word' id='word_1_470' title='bbox 743 1923 801 1948; x_wconf 83' lang='lat' dir='ltr'>alia</span> <span class='ocrx_word' id='word_1_471' title='bbox 820 1922 1012 1956; x_wconf 82' lang='lat' dir='ltr'>suprascripta</span> <span class='ocrx_word' id='word_1_472' title='bbox 1037 1924 1065 1947; x_wconf 86' lang='lat' dir='ltr'>et</span> <span class='ocrx_word' id='word_1_473' title='bbox 1085 1921 1266 1955; x_wconf 81' lang='lat' dir='ltr'>infrascripta</span> <span class='ocrx_word' id='word_1_474' title='bbox 1289 1921 1315 1946; x_wconf 92' lang='lat' dir='ltr'>in</span> <span class='ocrx_word' id='word_1_475' title='bbox 1337 1920 1481 1954; x_wconf 70' lang='lat' dir='ltr'>presencia</span> <span class='ocrx_word' id='word_1_476' title='bbox 1504 1929 1554 1946; x_wconf 83' lang='lat' dir='ltr'>sua</span> <span class='ocrx_word' id='word_1_477' title='bbox 1573 1919 1654 1953; x_wconf 80' lang='lat' dir='ltr'>plene</span> <span class='ocrx_word' id='word_1_478' title='bbox 1679 1921 1705 1945; x_wconf 88' lang='lat' dir='ltr'>et</span> <span class='ocrx_word' id='word_1_479' title='bbox 1725 1918 1851 1952; x_wconf 83' lang='lat' dir='ltr'>specifice</span> 
     </span>
     <span class='ocr_line' id='line_1_46' title="bbox 202 1970 1852 2007; baseline -0.002 -8"><span class='ocrx_word' id='word_1_480' title='bbox 202 1973 321 2000; x_wconf 79' lang='lat' dir='ltr'>faciant.</span> <span class='ocrx_word' id='word_1_481' title='bbox 346 1973 521 2007; x_wconf 81' lang='lat' dir='ltr'>adimpleant</span> <span class='ocrx_word' id='word_1_482' title='bbox 549 1976 578 2000; x_wconf 81' lang='lat' dir='ltr'>et</span> <span class='ocrx_word' id='word_1_483' title='bbox 598 1974 752 2007; x_wconf 84' lang='lat' dir='ltr'>adimplere</span> <span class='ocrx_word' id='word_1_484' title='bbox 772 1976 799 2000; x_wconf 90' lang='lat' dir='ltr'>et</span> <span class='ocrx_word' id='word_1_485' title='bbox 820 1975 908 1999; x_wconf 79' lang='lat' dir='ltr'>facere</span> <span class='ocrx_word' id='word_1_486' title='bbox 928 1975 1089 2001; x_wconf 81' lang='lat' dir='ltr'>teneantur:</span> <span class='ocrx_word' id='word_1_487' title='bbox 1114 1976 1142 1999; x_wconf 88' lang='lat' dir='ltr'>et</span> <span class='ocrx_word' id='word_1_488' title='bbox 1167 1975 1230 2006; x_wconf 88' lang='lat' dir='ltr'>post</span> <span class='ocrx_word' id='word_1_489' title='bbox 1253 1972 1484 2006; x_wconf 78' lang='lat' dir='ltr'>approbationem</span> <span class='ocrx_word' id='word_1_490' title='bbox 1506 1971 1669 2004; x_wconf 82' lang='lat' dir='ltr'>[predictam</span> <span class='ocrx_word' id='word_1_491' title='bbox 1690 1970 1771 2003; x_wconf 67' lang='lat' dir='ltr'>ilni&#39;ra</span> <span class='ocrx_word' id='word_1_492' title='bbox 1790 1972 1852 1996; x_wconf 86' lang='lat' dir='ltr'>octo</span> 
     </span>
     <span class='ocr_line' id='line_1_47' title="bbox 202 2021 1852 2059; baseline -0.003 -8"><span class='ocrx_word' id='word_1_493' title='bbox 202 2025 273 2052; x_wconf 83' lang='lat' dir='ltr'>dies.</span> <span class='ocrx_word' id='word_1_494' title='bbox 300 2033 332 2051; x_wconf 86' lang='lat' dir='ltr'>ex</span> <span class='ocrx_word' id='word_1_495' title='bbox 357 2034 411 2058; x_wconf 82' lang='lat' dir='ltr'>quo</span> <span class='ocrx_word' id='word_1_496' title='bbox 439 2025 472 2051; x_wconf 84' lang='lat' dir='ltr'>de</span> <span class='ocrx_word' id='word_1_497' title='bbox 492 2026 698 2059; x_wconf 85' lang='lat' dir='ltr'>approbatione</span> <span class='ocrx_word' id='word_1_498' title='bbox 725 2025 787 2058; x_wconf 89' lang='lat' dir='ltr'>ipsa</span> <span class='ocrx_word' id='word_1_499' title='bbox 809 2025 919 2051; x_wconf 85' lang='lat' dir='ltr'>litteras</span> <span class='ocrx_word' id='word_1_500' title='bbox 944 2025 1114 2058; x_wconf 77' lang='lat' dir='ltr'>apostolicas</span> <span class='ocrx_word' id='word_1_501' title='bbox 1138 2033 1279 2057; x_wconf 74' lang='lat' dir='ltr'>recepero.</span> <span class='ocrx_word' id='word_1_502' title='bbox 1305 2023 1397 2049; x_wconf 85' lang='lat' dir='ltr'>omnia</span> <span class='ocrx_word' id='word_1_503' title='bbox 1422 2024 1450 2048; x_wconf 64' lang='lat' dir='ltr'>et.</span> <span class='ocrx_word' id='word_1_504' title='bbox 1469 2021 1579 2055; x_wconf 80' lang='lat' dir='ltr'>singula</span> <span class='ocrx_word' id='word_1_505' title='bbox 1598 2030 1647 2054; x_wconf 74' lang='lat' dir='ltr'>per</span> <span class='ocrx_word' id='word_1_506' title='bbox 1665 2021 1773 2047; x_wconf 82' lang='lat' dir='ltr'>eosdem</span> <span class='ocrx_word' id='word_1_507' title='bbox 1793 2029 1852 2054; x_wconf 88' lang='lat' dir='ltr'>pro-</span> 
     </span>
     <span class='ocr_line' id='line_1_48' title="bbox 203 2072 1852 2110; baseline -0.004 -7"><span class='ocrx_word' id='word_1_508' title='bbox 203 2078 352 2105; x_wconf 80' lang='lat' dir='ltr'>curatores,</span> <span class='ocrx_word' id='word_1_509' title='bbox 371 2080 401 2103; x_wconf 92' lang='lat' dir='ltr'>ut</span> <span class='ocrx_word' id='word_1_510' title='bbox 422 2076 606 2110; x_wconf 80' lang='lat' dir='ltr'>premictitur,</span> <span class='ocrx_word' id='word_1_511' title='bbox 626 2086 686 2103; x_wconf 87' lang='lat' dir='ltr'>meo</span> <span class='ocrx_word' id='word_1_512' title='bbox 705 2077 815 2103; x_wconf 88' lang='lat' dir='ltr'>nomine</span> <span class='ocrx_word' id='word_1_513' title='bbox 835 2077 911 2103; x_wconf 82' lang='lat' dir='ltr'>facta</span> <span class='ocrx_word' id='word_1_514' title='bbox 932 2077 1072 2110; x_wconf 79' lang='lat' dir='ltr'>[expresse</span> <span class='ocrx_word' id='word_1_515' title='bbox 1092 2076 1129 2109; x_wconf 74' lang='lat' dir='ltr'>et]</span> <span class='ocrx_word' id='word_1_516' title='bbox 1149 2075 1328 2107; x_wconf 71' lang='lat' dir='ltr'>singulariter</span> <span class='ocrx_word' id='word_1_517' title='bbox 1342 2073 1512 2108; x_wconf 83' lang='lat' dir='ltr'>approbabo,</span> <span class='ocrx_word' id='word_1_518' title='bbox 1532 2072 1676 2098; x_wconf 83' lang='lat' dir='ltr'>ratificabo</span> <span class='ocrx_word' id='word_1_519' title='bbox 1695 2074 1723 2098; x_wconf 87' lang='lat' dir='ltr'>et</span> <span class='ocrx_word' id='word_1_520' title='bbox 1743 2080 1790 2104; x_wconf 87' lang='lat' dir='ltr'>per</span> <span class='ocrx_word' id='word_1_521' title='bbox 1809 2080 1852 2097; x_wconf 82' lang='lat' dir='ltr'>me</span> 
     </span>
     <span class='ocr_line' id='line_1_49' title="bbox 204 2123 1852 2161; baseline -0.004 -8"><span class='ocrx_word' id='word_1_522' title='bbox 204 2127 294 2161; x_wconf 89' lang='lat' dir='ltr'>ipsum</span> <span class='ocrx_word' id='word_1_523' title='bbox 315 2128 400 2154; x_wconf 83' lang='lat' dir='ltr'>etiam</span> <span class='ocrx_word' id='word_1_524' title='bbox 420 2128 558 2155; x_wconf 86' lang='lat' dir='ltr'>renovabo</span> <span class='ocrx_word' id='word_1_525' title='bbox 585 2130 612 2154; x_wconf 79' lang='lat' dir='ltr'>et</span> <span class='ocrx_word' id='word_1_526' title='bbox 637 2127 736 2154; x_wconf 85' lang='lat' dir='ltr'>iterum</span> <span class='ocrx_word' id='word_1_527' title='bbox 761 2127 862 2154; x_wconf 86' lang='lat' dir='ltr'>faciam</span> <span class='ocrx_word' id='word_1_528' title='bbox 887 2128 936 2154; x_wconf 83' lang='lat' dir='ltr'>hec</span> <span class='ocrx_word' id='word_1_529' title='bbox 961 2127 993 2153; x_wconf 86' lang='lat' dir='ltr'>de</span> <span class='ocrx_word' id='word_1_530' title='bbox 1018 2136 1099 2159; x_wconf 70' lang='lat' dir='ltr'>novo,</span> <span class='ocrx_word' id='word_1_531' title='bbox 1127 2129 1155 2153; x_wconf 90' lang='lat' dir='ltr'>et</span> <span class='ocrx_word' id='word_1_532' title='bbox 1175 2126 1372 2152; x_wconf 80' lang='lat' dir='ltr'>nichilominus</span> <span class='ocrx_word' id='word_1_533' title='bbox 1394 2127 1456 2158; x_wconf 77' lang='lat' dir='ltr'>post</span> <span class='ocrx_word' id='word_1_534' title='bbox 1475 2123 1708 2150; x_wconf 81' lang='lat' dir='ltr'>consecrationem</span> <span class='ocrx_word' id='word_1_535' title='bbox 1733 2125 1761 2149; x_wconf 85' lang='lat' dir='ltr'>et</span> <span class='ocrx_word' id='word_1_536' title='bbox 1780 2131 1852 2148; x_wconf 82' lang='lat' dir='ltr'>coro-</span> 
     </span>
     <span class='ocr_line' id='line_1_50' title="bbox 204 2174 1853 2213; baseline -0.004 -7"><span class='ocrx_word' id='word_1_537' title='bbox 204 2179 345 2205; x_wconf 83' lang='lat' dir='ltr'>nationem</span> <span class='ocrx_word' id='word_1_538' title='bbox 374 2188 463 2206; x_wconf 84' lang='lat' dir='ltr'>meam</span> <span class='ocrx_word' id='word_1_539' title='bbox 498 2179 670 2213; x_wconf 84' lang='lat' dir='ltr'>imperialem</span> <span class='ocrx_word' id='word_1_540' title='bbox 705 2179 777 2205; x_wconf 84' lang='lat' dir='ltr'>infra</span> <span class='ocrx_word' id='word_1_541' title='bbox 808 2182 871 2205; x_wconf 89' lang='lat' dir='ltr'>octo</span> <span class='ocrx_word' id='word_1_542' title='bbox 900 2179 957 2205; x_wconf 85' lang='lat' dir='ltr'>dies</span> <span class='ocrx_word' id='word_1_543' title='bbox 991 2178 1227 2205; x_wconf 70' lang='lat' dir='ltr'>consecrationem</span> <span class='ocrx_word' id='word_1_544' title='bbox 1256 2180 1284 2203; x_wconf 78' lang='lat' dir='ltr'>et</span> <span class='ocrx_word' id='word_1_545' title='bbox 1312 2176 1517 2203; x_wconf 78' lang='lat' dir='ltr'>coronationem</span> <span class='ocrx_word' id='word_1_546' title='bbox 1549 2175 1663 2200; x_wconf 82' lang='lat' dir='ltr'>eandem</span> <span class='ocrx_word' id='word_1_547' title='bbox 1694 2174 1853 2200; x_wconf 80' lang='lat' dir='ltr'>immediate</span> 
     </span>
     <span class='ocr_line' id='line_1_51' title="bbox 204 2225 1852 2264; baseline -0.004 -8"><span class='ocrx_word' id='word_1_548' title='bbox 204 2233 350 2264; x_wconf 80' lang='lat' dir='ltr'>sequentes</span> <span class='ocrx_word' id='word_1_549' title='bbox 384 2240 433 2264; x_wconf 91' lang='lat' dir='ltr'>pro</span> <span class='ocrx_word' id='word_1_550' title='bbox 464 2231 562 2257; x_wconf 87' lang='lat' dir='ltr'>maiori</span> <span class='ocrx_word' id='word_1_551' title='bbox 590 2231 722 2257; x_wconf 79' lang='lat' dir='ltr'>firmitate</span> <span class='ocrx_word' id='word_1_552' title='bbox 750 2231 873 2257; x_wconf 89' lang='lat' dir='ltr'>omnium</span> <span class='ocrx_word' id='word_1_553' title='bbox 902 2230 1090 2264; x_wconf 87' lang='lat' dir='ltr'>predictorum</span> <span class='ocrx_word' id='word_1_554' title='bbox 1124 2230 1196 2263; x_wconf 84' lang='lat' dir='ltr'>[ipsa</span> <span class='ocrx_word' id='word_1_555' title='bbox 1221 2229 1313 2255; x_wconf 82' lang='lat' dir='ltr'>onmia</span> <span class='ocrx_word' id='word_1_556' title='bbox 1338 2229 1375 2261; x_wconf 79' lang='lat' dir='ltr'>et]</span> <span class='ocrx_word' id='word_1_557' title='bbox 1405 2227 1515 2259; x_wconf 72' lang='lat' dir='ltr'>singula</span> <span class='ocrx_word' id='word_1_558' title='bbox 1542 2226 1686 2252; x_wconf 83' lang='lat' dir='ltr'>ratificabo</span> <span class='ocrx_word' id='word_1_559' title='bbox 1714 2227 1743 2252; x_wconf 86' lang='lat' dir='ltr'>et</span> <span class='ocrx_word' id='word_1_560' title='bbox 1768 2225 1852 2251; x_wconf 83' lang='lat' dir='ltr'>etiam</span> 
     </span>
     <span class='ocr_line' id='line_1_52' title="bbox 203 2277 1853 2316; baseline -0.004 -8"><span class='ocrx_word' id='word_1_561' title='bbox 203 2283 341 2308; x_wconf 86' lang='lat' dir='ltr'>renovabo</span> <span class='ocrx_word' id='word_1_562' title='bbox 372 2282 551 2315; x_wconf 77' lang='lat' dir='ltr'>singulariter</span> <span class='ocrx_word' id='word_1_563' title='bbox 583 2284 611 2309; x_wconf 91' lang='lat' dir='ltr'>et</span> <span class='ocrx_word' id='word_1_564' title='bbox 635 2291 775 2316; x_wconf 75' lang='lat' dir='ltr'>expresse,</span> <span class='ocrx_word' id='word_1_565' title='bbox 803 2285 831 2309; x_wconf 90' lang='lat' dir='ltr'>et</span> <span class='ocrx_word' id='word_1_566' title='bbox 856 2290 938 2316; x_wconf 89' lang='lat' dir='ltr'>super</span> <span class='ocrx_word' id='word_1_567' title='bbox 963 2281 1103 2315; x_wconf 82' lang='lat' dir='ltr'>premissis</span> <span class='ocrx_word' id='word_1_568' title='bbox 1127 2281 1255 2307; x_wconf 87' lang='lat' dir='ltr'>omnibus</span> <span class='ocrx_word' id='word_1_569' title='bbox 1279 2283 1307 2307; x_wconf 83' lang='lat' dir='ltr'>et</span> <span class='ocrx_word' id='word_1_570' title='bbox 1329 2279 1446 2313; x_wconf 70' lang='lat' dir='ltr'>singulis</span> <span class='ocrx_word' id='word_1_571' title='bbox 1465 2280 1493 2304; x_wconf 90' lang='lat' dir='ltr'>et</span> <span class='ocrx_word' id='word_1_572' title='bbox 1515 2286 1563 2311; x_wconf 89' lang='lat' dir='ltr'>pro</span> <span class='ocrx_word' id='word_1_573' title='bbox 1587 2277 1715 2310; x_wconf 83' lang='lat' dir='ltr'>qualibet</span> <span class='ocrx_word' id='word_1_574' title='bbox 1738 2277 1796 2302; x_wconf 87' lang='lat' dir='ltr'>vice</span> <span class='ocrx_word' id='word_1_575' title='bbox 1821 2277 1853 2302; x_wconf 84' lang='lat' dir='ltr'>de</span> 
     </span>
     <span class='ocr_line' id='line_1_53' title="bbox 204 2328 1852 2367; baseline -0.004 -9"><span class='ocrx_word' id='word_1_576' title='bbox 204 2333 338 2366; x_wconf 85' lang='lat' dir='ltr'>predictis</span> <span class='ocrx_word' id='word_1_577' title='bbox 357 2333 436 2359; x_wconf 80' lang='lat' dir='ltr'>iuxta</span> <span class='ocrx_word' id='word_1_578' title='bbox 456 2333 618 2367; x_wconf 82' lang='lat' dir='ltr'>premissam</span> <span class='ocrx_word' id='word_1_579' title='bbox 638 2333 845 2360; x_wconf 83' lang='lat' dir='ltr'>distinctionem</span> <span class='ocrx_word' id='word_1_580' title='bbox 866 2335 1020 2366; x_wconf 85' lang='lat' dir='ltr'>temporum</span> <span class='ocrx_word' id='word_1_581' title='bbox 1041 2333 1113 2358; x_wconf 87' lang='lat' dir='ltr'>dabo</span> <span class='ocrx_word' id='word_1_582' title='bbox 1138 2333 1250 2358; x_wconf 85' lang='lat' dir='ltr'>licteras</span> <span class='ocrx_word' id='word_1_583' title='bbox 1270 2340 1344 2357; x_wconf 79' lang='lat' dir='ltr'>meas</span> <span class='ocrx_word' id='word_1_584' title='bbox 1364 2329 1592 2363; x_wconf 76' lang='lat' dir='ltr'>quadruplicatas</span> <span class='ocrx_word' id='word_1_585' title='bbox 1611 2329 1730 2354; x_wconf 81' lang='lat' dir='ltr'>eiusdem</span> <span class='ocrx_word' id='word_1_586' title='bbox 1751 2328 1852 2354; x_wconf 81' lang='lat' dir='ltr'>tenoris</span> 
     </span>
     <span class='ocr_line' id='line_1_54' title="bbox 206 2381 1423 2419; baseline -0.002 -9"><span class='ocrx_word' id='word_1_587' title='bbox 206 2386 335 2417; x_wconf 81' lang='lat' dir='ltr'>patentes</span> <span class='ocrx_word' id='word_1_588' title='bbox 354 2387 382 2411; x_wconf 90' lang='lat' dir='ltr'>et</span> <span class='ocrx_word' id='word_1_589' title='bbox 401 2384 571 2411; x_wconf 82' lang='lat' dir='ltr'>sufficientes</span> <span class='ocrx_word' id='word_1_590' title='bbox 590 2394 623 2411; x_wconf 85' lang='lat' dir='ltr'>ac</span> <span class='ocrx_word' id='word_1_591' title='bbox 642 2385 744 2419; x_wconf 76' lang='lat' dir='ltr'>sigillo,</span> <span class='ocrx_word' id='word_1_592' title='bbox 764 2394 818 2418; x_wconf 83' lang='lat' dir='ltr'>quo</span> <span class='ocrx_word' id='word_1_593' title='bbox 838 2385 921 2411; x_wconf 83' lang='lat' dir='ltr'>dictis</span> <span class='ocrx_word' id='word_1_594' title='bbox 940 2387 1003 2410; x_wconf 88' lang='lat' dir='ltr'>utar</span> <span class='ocrx_word' id='word_1_595' title='bbox 1021 2383 1201 2418; x_wconf 64' lang='lat' dir='ltr'>temporibus</span> <span class='ocrx_word' id='word_1_596' title='bbox 1221 2381 1423 2416; x_wconf 82' lang='lat' dir='ltr'>[communitas.</span> 
     </span>
    </p>

    <p class='ocr_par' dir='ltr' id='par_1_17' title="bbox 205 2429 1854 2674">
     <span class='ocr_line' id='line_1_55' title="bbox 307 2429 1852 2470; baseline -0.005 -8"><span class='ocrx_word' id='word_1_597' title='bbox 307 2437 387 2470; x_wconf 83' lang='lat' dir='ltr'>Item]</span> <span class='ocrx_word' id='word_1_598' title='bbox 407 2445 490 2470; x_wconf 84' lang='lat' dir='ltr'>super</span> <span class='ocrx_word' id='word_1_599' title='bbox 507 2438 606 2462; x_wconf 80' lang='lat' dir='ltr'>sancta</span> <span class='ocrx_word' id='word_1_600' title='bbox 626 2436 675 2463; x_wconf 84' lang='lat' dir='ltr'>Dei</span> <span class='ocrx_word' id='word_1_601' title='bbox 701 2437 853 2470; x_wconf 86' lang='lat' dir='ltr'>euangelia</span> <span class='ocrx_word' id='word_1_602' title='bbox 873 2436 1055 2470; x_wconf 82' lang='lat' dir='ltr'>corporaliter</span> <span class='ocrx_word' id='word_1_603' title='bbox 1078 2443 1161 2460; x_wconf 83' lang='lat' dir='ltr'>manu</span> <span class='ocrx_word' id='word_1_604' title='bbox 1185 2436 1263 2460; x_wconf 82' lang='lat' dir='ltr'>tacta</span> <span class='ocrx_word' id='word_1_605' title='bbox 1288 2433 1359 2463; x_wconf 70' lang='lat' dir='ltr'>iuro,</span> <span class='ocrx_word' id='word_1_606' title='bbox 1386 2433 1459 2465; x_wconf 82' lang='lat' dir='ltr'>quod</span> <span class='ocrx_word' id='word_1_607' title='bbox 1482 2432 1587 2458; x_wconf 84' lang='lat' dir='ltr'>nullam</span> <span class='ocrx_word' id='word_1_608' title='bbox 1612 2431 1721 2457; x_wconf 87' lang='lat' dir='ltr'>omnino</span> <span class='ocrx_word' id='word_1_609' title='bbox 1741 2429 1852 2463; x_wconf 86' lang='lat' dir='ltr'>promis</span> 
     </span>
     <span class='ocr_line' id='line_1_56' title="bbox 206 2481 1853 2521; baseline -0.005 -8"><span class='ocrx_word' id='word_1_610' title='bbox 206 2487 322 2518; x_wconf 81' lang='lat' dir='ltr'>sionem,</span> <span class='ocrx_word' id='word_1_611' title='bbox 347 2488 453 2514; x_wconf 90' lang='lat' dir='ltr'>nullum</span> <span class='ocrx_word' id='word_1_612' title='bbox 473 2490 587 2521; x_wconf 84' lang='lat' dir='ltr'>pactum</span> <span class='ocrx_word' id='word_1_613' title='bbox 607 2488 768 2521; x_wconf 90' lang='lat' dir='ltr'>nullumque</span> <span class='ocrx_word' id='word_1_614' title='bbox 788 2488 978 2514; x_wconf 83' lang='lat' dir='ltr'>iuramentum</span> <span class='ocrx_word' id='word_1_615' title='bbox 998 2495 1047 2513; x_wconf 82' lang='lat' dir='ltr'>uec</span> <span class='ocrx_word' id='word_1_616' title='bbox 1067 2486 1176 2519; x_wconf 86' lang='lat' dir='ltr'>aliquid</span> <span class='ocrx_word' id='word_1_617' title='bbox 1195 2485 1272 2511; x_wconf 84' lang='lat' dir='ltr'>aliud</span> <span class='ocrx_word' id='word_1_618' title='bbox 1291 2484 1355 2513; x_wconf 80' lang='lat' dir='ltr'>feci,</span> <span class='ocrx_word' id='word_1_619' title='bbox 1382 2493 1430 2517; x_wconf 88' lang='lat' dir='ltr'>per</span> <span class='ocrx_word' id='word_1_620' title='bbox 1449 2484 1521 2516; x_wconf 84' lang='lat' dir='ltr'>quod</span> <span class='ocrx_word' id='word_1_621' title='bbox 1541 2482 1680 2516; x_wconf 81' lang='lat' dir='ltr'>premissis</span> <span class='ocrx_word' id='word_1_622' title='bbox 1700 2481 1741 2507; x_wconf 71' lang='lat' dir='ltr'>vel</span> <span class='ocrx_word' id='word_1_623' title='bbox 1761 2489 1853 2506; x_wconf 88' lang='lat' dir='ltr'>eorum</span> 
     </span>
     <span class='ocr_line' id='line_1_57' title="bbox 205 2531 1854 2572; baseline -0.005 -8"><span class='ocrx_word' id='word_1_624' title='bbox 205 2538 290 2564; x_wconf 82' lang='lat' dir='ltr'>alicui</span> <span class='ocrx_word' id='word_1_625' title='bbox 304 2538 391 2572; x_wconf 75' lang='lat' dir='ltr'>possit</span> <span class='ocrx_word' id='word_1_626' title='bbox 411 2538 438 2564; x_wconf 89' lang='lat' dir='ltr'>in</span> <span class='ocrx_word' id='word_1_627' title='bbox 455 2538 549 2571; x_wconf 85' lang='lat' dir='ltr'>aliquo</span> <span class='ocrx_word' id='word_1_628' title='bbox 564 2538 799 2572; x_wconf 84' lang='lat' dir='ltr'>quomodo[libet]</span> <span class='ocrx_word' id='word_1_629' title='bbox 820 2539 956 2572; x_wconf 79' lang='lat' dir='ltr'>derogari,</span> <span class='ocrx_word' id='word_1_630' title='bbox 977 2541 1005 2564; x_wconf 85' lang='lat' dir='ltr'>et</span> <span class='ocrx_word' id='word_1_631' title='bbox 1019 2537 1214 2563; x_wconf 87' lang='lat' dir='ltr'>nichilominus</span> <span class='ocrx_word' id='word_1_632' title='bbox 1233 2545 1316 2569; x_wconf 85' lang='lat' dir='ltr'>super</span> <span class='ocrx_word' id='word_1_633' title='bbox 1335 2537 1431 2561; x_wconf 84' lang='lat' dir='ltr'>sancta</span> <span class='ocrx_word' id='word_1_634' title='bbox 1444 2535 1495 2561; x_wconf 88' lang='lat' dir='ltr'>Dei</span> <span class='ocrx_word' id='word_1_635' title='bbox 1514 2533 1660 2567; x_wconf 80' lang='lat' dir='ltr'>euangelia</span> <span class='ocrx_word' id='word_1_636' title='bbox 1674 2531 1854 2565; x_wconf 77' lang='lat' dir='ltr'>corporaliter</span> 
     </span>
     <span class='ocr_line' id='line_1_58' title="bbox 205 2585 1853 2623; baseline -0.005 -8"><span class='ocrx_word' id='word_1_637' title='bbox 205 2598 288 2616; x_wconf 84' lang='lat' dir='ltr'>manu</span> <span class='ocrx_word' id='word_1_638' title='bbox 308 2591 386 2616; x_wconf 86' lang='lat' dir='ltr'>tacta</span> <span class='ocrx_word' id='word_1_639' title='bbox 405 2589 464 2615; x_wconf 87' lang='lat' dir='ltr'>iuro</span> <span class='ocrx_word' id='word_1_640' title='bbox 484 2590 615 2623; x_wconf 84' lang='lat' dir='ltr'>premissa</span> <span class='ocrx_word' id='word_1_641' title='bbox 642 2590 744 2623; x_wconf 85' lang='lat' dir='ltr'>[onmia</span> <span class='ocrx_word' id='word_1_642' title='bbox 764 2592 792 2616; x_wconf 86' lang='lat' dir='ltr'>et</span> <span class='ocrx_word' id='word_1_643' title='bbox 811 2589 932 2623; x_wconf 81' lang='lat' dir='ltr'>singula]</span> <span class='ocrx_word' id='word_1_644' title='bbox 953 2597 995 2615; x_wconf 86' lang='lat' dir='ltr'>me</span> <span class='ocrx_word' id='word_1_645' title='bbox 1014 2588 1152 2614; x_wconf 82' lang='lat' dir='ltr'>facturum</span> <span class='ocrx_word' id='word_1_646' title='bbox 1172 2589 1200 2614; x_wconf 90' lang='lat' dir='ltr'>et</span> <span class='ocrx_word' id='word_1_647' title='bbox 1219 2586 1420 2620; x_wconf 83' lang='lat' dir='ltr'>completurum</span> <span class='ocrx_word' id='word_1_648' title='bbox 1440 2587 1468 2611; x_wconf 70' lang='lat' dir='ltr'>ct</span> <span class='ocrx_word' id='word_1_649' title='bbox 1487 2585 1563 2610; x_wconf 83' lang='lat' dir='ltr'>nullo</span> <span class='ocrx_word' id='word_1_650' title='bbox 1582 2592 1711 2616; x_wconf 78' lang='lat' dir='ltr'>umquam</span> <span class='ocrx_word' id='word_1_651' title='bbox 1731 2585 1853 2615; x_wconf 63' lang='lat' dir='ltr'>tempore</span> 
     </span>
     <span class='ocr_line' id='line_1_59' title="bbox 205 2632 1852 2674; baseline -0.005 -8"><span class='ocrx_word' id='word_1_652' title='bbox 205 2648 255 2673; x_wconf 83' lang='lat' dir='ltr'>per</span> <span class='ocrx_word' id='word_1_653' title='bbox 273 2649 316 2666; x_wconf 89' lang='lat' dir='ltr'>me</span> <span class='ocrx_word' id='word_1_654' title='bbox 338 2640 380 2666; x_wconf 79' lang='lat' dir='ltr'>vel</span> <span class='ocrx_word' id='word_1_655' title='bbox 400 2639 471 2666; x_wconf 83' lang='lat' dir='ltr'>alios</span> <span class='ocrx_word' id='word_1_656' title='bbox 490 2643 587 2667; x_wconf 84' lang='lat' dir='ltr'>contra</span> <span class='ocrx_word' id='word_1_657' title='bbox 606 2641 656 2667; x_wconf 87' lang='lat' dir='ltr'>illa</span> <span class='ocrx_word' id='word_1_658' title='bbox 677 2642 719 2667; x_wconf 93' lang='lat' dir='ltr'>vel</span> <span class='ocrx_word' id='word_1_659' title='bbox 740 2641 854 2674; x_wconf 84' lang='lat' dir='ltr'>aliquod</span> <span class='ocrx_word' id='word_1_660' title='bbox 873 2640 906 2666; x_wconf 90' lang='lat' dir='ltr'>de</span> <span class='ocrx_word' id='word_1_661' title='bbox 926 2640 982 2665; x_wconf 88' lang='lat' dir='ltr'>illis</span> <span class='ocrx_word' id='word_1_662' title='bbox 1002 2639 1099 2672; x_wconf 86' lang='lat' dir='ltr'>quovis</span> <span class='ocrx_word' id='word_1_663' title='bbox 1118 2638 1198 2664; x_wconf 87' lang='lat' dir='ltr'>modo</span> <span class='ocrx_word' id='word_1_664' title='bbox 1216 2640 1370 2665; x_wconf 80' lang='lat' dir='ltr'>venturum,</span> <span class='ocrx_word' id='word_1_665' title='bbox 1391 2639 1419 2662; x_wconf 84' lang='lat' dir='ltr'>et</span> <span class='ocrx_word' id='word_1_666' title='bbox 1438 2636 1468 2664; x_wconf 72' lang='lat' dir='ltr'>siv</span> <span class='ocrx_word' id='word_1_667' title='bbox 1488 2635 1560 2667; x_wconf 82' lang='lat' dir='ltr'>quod</span> <span class='ocrx_word' id='word_1_668' title='bbox 1581 2634 1661 2663; x_wconf 77' lang='lat' dir='ltr'>absit,</span> <span class='ocrx_word' id='word_1_669' title='bbox 1682 2632 1852 2665; x_wconf 74' lang='lat' dir='ltr'>contingeret</span> 
     </span>
    </p>
   </div>
   <div class='ocr_carea' id='block_1_13' title="bbox 205 2683 1853 2725">
    <p class='ocr_par' dir='ltr' id='par_1_18' title="bbox 205 2683 1853 2725">
     <span class='ocr_line' id='line_1_60' title="bbox 205 2683 1853 2725; baseline -0.005 -8"><span class='ocrx_word' id='word_1_670' title='bbox 205 2699 248 2717; x_wconf 91' lang='lat' dir='ltr'>me</span> <span class='ocrx_word' id='word_1_671' title='bbox 268 2692 369 2722; x_wconf 79' lang='lat' dir='ltr'>facere,</span> <span class='ocrx_word' id='word_1_672' title='bbox 394 2691 497 2722; x_wconf 82' lang='lat' dir='ltr'>dicere,</span> <span class='ocrx_word' id='word_1_673' title='bbox 524 2691 690 2725; x_wconf 87' lang='lat' dir='ltr'>promictere</span> <span class='ocrx_word' id='word_1_674' title='bbox 715 2692 758 2717; x_wconf 83' lang='lat' dir='ltr'>vel</span> <span class='ocrx_word' id='word_1_675' title='bbox 778 2691 869 2718; x_wconf 83' lang='lat' dir='ltr'>iurare</span> <span class='ocrx_word' id='word_1_676' title='bbox 888 2691 985 2724; x_wconf 82' lang='lat' dir='ltr'>aliqua</span> <span class='ocrx_word' id='word_1_677' title='bbox 1012 2691 1054 2717; x_wconf 79' lang='lat' dir='ltr'>vel</span> <span class='ocrx_word' id='word_1_678' title='bbox 1074 2689 1201 2723; x_wconf 72' lang='lat' dir='ltr'>aliquod,</span> <span class='ocrx_word' id='word_1_679' title='bbox 1227 2697 1279 2722; x_wconf 88' lang='lat' dir='ltr'>que</span> <span class='ocrx_word' id='word_1_680' title='bbox 1299 2687 1437 2722; x_wconf 63' lang='lat' dir='ltr'>premissis</span> <span class='ocrx_word' id='word_1_681' title='bbox 1463 2687 1505 2712; x_wconf 72' lang='lat' dir='ltr'>vel</span> <span class='ocrx_word' id='word_1_682' title='bbox 1530 2694 1620 2712; x_wconf 85' lang='lat' dir='ltr'>eorum</span> <span class='ocrx_word' id='word_1_683' title='bbox 1641 2683 1723 2710; x_wconf 81' lang='lat' dir='ltr'>alicui</span> <span class='ocrx_word' id='word_1_684' title='bbox 1744 2684 1853 2716; x_wconf 55' lang='lat' dir='ltr'>possent</span> 
     </span>
    </p>
   </div>
   <div class='ocr_carea' id='block_1_14' title="bbox 312 2759 728 2792">
    <p class='ocr_par' dir='ltr' id='par_1_19' title="bbox 312 2759 728 2792">
     <span class='ocr_line' id='line_1_61' title="bbox 312 2759 728 2792; baseline 0.002 -8"><span class='ocrx_word' id='word_1_685' title='bbox 312 2759 359 2785; x_wconf 74' lang='lat'>91.</span> <span class='ocrx_word' id='word_1_686' title='bbox 389 2759 414 2790; x_wconf 83' lang='lat' dir='ltr'>b)</span> <span class='ocrx_word' id='word_1_687' title='bbox 433 2760 468 2784; x_wconf 73' lang='lat' dir='ltr'>sic</span> <span class='ocrx_word' id='word_1_688' title='bbox 487 2769 524 2784; x_wconf 84' lang='lat' dir='ltr'>or.</span> <span class='ocrx_word' id='word_1_689' title='bbox 614 2760 636 2791; x_wconf 80' lang='lat' dir='ltr'>c)</span> <span class='ocrx_word' id='word_1_690' title='bbox 656 2767 672 2792; x_wconf 78' lang='lat' dir='ltr'>p</span> <span class='ocrx_word' id='word_1_691' title='bbox 692 2769 728 2785; x_wconf 85' lang='grc' dir='ltr'>.</span> 
     </span>
    </p>
   </div>
  </div>
 </body>
</html>
