2189 2984
134 692 158 710 10

132 959 155 977 15

133 1215 157 1234 20

130 1473 154 1492 ‘25

131 1729 156 1747 30

131 1992 154 2010 3⁵

129 2251 155 2269 40

129 2507 154 2526 45

682 133 776 160 ACTA
796 133 910 160 REGNI
930 134 1065 160 KAROLI
1086 134 1132 160 IV.
1172 135 1244 160 1:546.
1280 134 1382 161 N1297.
1766 141 1822 170 131:

286 220 426 260 Cupiens
444 219 579 251 ferventi
603 219 763 250 desiderio
788 219 878 250 vobis
902 220 984 260 patri
1009 230 1046 250 ac
1070 219 1198 250 domino
1223 231 1296 251 meo
1321 220 1567 252 clementissimo
1593 226 1624 253 et
1647 224 1823 263 apostolice

176 271 261 302 sedis
285 271 550 312 disposicionibus
575 274 606 302 et
629 271 840 311 beneplacitis
864 281 915 302 me
938 275 1100 312 coaptare,
1123 271 1341 302 venerabilem
1358 273 1530 303 Arncstum
1547 273 1822 315 archiepiscopum

175 323 372 364 Pragensem
410 326 442 353 et
469 322 662 363 spectabiles
694 323 777 353 viros
800 322 997 353 Ademarum
1015 322 1280 354 Valentinensem
1316 326 1347 353 et
1371 324 1553 354 Amadeum
1578 324 1824 356 Gebcnnenscm

176 374 319 412 comites,
343 374 542 405 Ludovicum
564 374 603 404 de
622 373 794 411 Sabaudia„
820 373 1019 405 Gautherum
1045 374 1085 404 de
1102 374 1248 405 Montilio
1274 378 1307 405 et
1330 375 1505 405 Iohannem
1532 375 1571 406 dc
1588 377 1823 417 Asperomontc

176 425 428 466 consanguineos
458 436 562 463 meOS,
590 436 648 456 nec
677 435 739 456 non
768 425 922 455 discretos
952 426 1034 455 viros
1062 425 1239 456 Iohannem
1269 425 1309 456 de
1340 426 1490 457 Celobrio
1519 428 1715 468 prepositum
1747 429 1824 459 Tre-

175 487 356 515 verensem,
386 476 593 508 Guillelmum
617 477 760 507 Pinchon
788 476 1017 507 Abrincensem
1047 480 1079 507 et
1110 478 1297 517 magistrum
1326 477 1502 508 Geraldum
1534 478 1572 509 de
1597 479 1753 520 Magnaco
1784 480 1824 510 dc.

176 528 350 559 Bauthesio
374 529 406 559 in
424 528 560 559 ecclesia
576 528 817 559 constanciensi
841 528 1094 568 archidiaconos,
1120 528 1296 559 Iohannem
1321 529 1360 560 (le
1382 529 1520 560 Pistorio
1545 530 1701 561 decanum
1726 533 1824 562 sancti

176 579 350 611 Salvatoris
367 580 592 619 Traiectemis,
616 579 822 620 Rodulphum
848 580 946 610 Loize
970 580 1140 611 officialem
1160 580 1402 619 Treverensem,
1428 581 1583 611 decanum
1601 581 1825 622 Mogontinen-

176 633 281 671 (sem),
298 631 467 662 Nicolaum
492 631 531 662 de
550 631 772 662 Lucemburch
794 632 992 672 prepositum
1011 631 1202 662 Saccensem
1219 632 1392 672 Pragensis
1417 632 1553 663 diocesis
1577 643 1614 664 ac
1638 634 1823 674 magistrum

177 683 345 714 Nicolaum
380 683 419 713 de
443 683 666 714 Lucemburch
691 683 893 714 scolasticum
917 684 1016 714 sancti
1042 684 1168 714 Paulini
1193 690 1284 714 extra
1308 695 1414 714 muros
1439 685 1670 721 'si-everenscs,
1702 686 1825 716 nobiles

176 746 302 776 quoque
328 735 411 766 viros
428 735 609 765 walterum
636 735 797 765 dominum
822 735 862 765 de
884 735 1150 775 Mcynsenburch,
1175 735 1352 766 Arnoldum
1377 735 1540 766 dominum
1565 736 1604 766 dc
1622 736 1764 778 Patinga
1788 748 1824 767 ac

175 786 395 817 Isembardum
436 786 475 817 de
503 786 686 827 Rouldinga
721 787 853 825 milites,
888 787 1001 817 fideles
1037 792 1068 817 ct
1099 787 1233 818 dilectos
1261 787 1458 818 consiliarios
1485 798 1588 827 meos,
1623 789 1662 819 de
1692 800 1825 830 quorum

176 838 330 870 fidelitate
356 842 387 869 et
411 839 566 869 industria
595 839 721 879 plenam
748 838 895 869 fiduciam
921 839 1067 869 obtinens
1095 840 1156 869 feci
1181 842 1213 870 ct
1238 839 1334 879 facio,
1366 840 1522 870 constituo
1553 843 1585 870 ct
1615 839 1725 870 ordino
1751 852 1823 881 pro-

176 894 338 921 curatores
363 901 451 921 meos
476 894 508 921 et
531 891 661 920 nuncios
685 891 840 930 speciales
863 891 1011 931 ipsosque
1035 890 1075 921 ad
1093 894 1230 921 vestram
1255 891 1451 932 presenciam
1478 902 1533 932 pro
1558 893 1621 922 mci
1647 895 1679 922 ct
1700 893 1822 933 imperii

175 943 317 983 negociis
341 942 524 982 specialiter
547 941 717 973 destinans.

278 994 359 1024 Cum
383 1008 433 1032 per
454 998 527 1023 clarc
545 998 676 1024 memorie
693 998 836 1024 dominum
855 998 1005 1024 llcnricum
1022 998 1230 1032 imperatorem,
1255 1008 1337 1025 avum
1360 1009 1461 1031 meum,
1485 1008 1534 1026 seu
1550 1001 1721 1027 auctoritate
1738 1001 1825 1034 ipsius

175 1050 268 1084 plures
293 1059 438 1084 processus
462 1051 537 1076 *ac*
561 1050 704 1076 sentencie
727 1050 863 1084 capitales
887 1052 915 1076 ct
940 1050 1159 1084 proscriptiones
1184 1051 1319 1076 bonorum
1344 1052 1372 1076 et
1395 1051 1513 1077 aliarum
1531 1060 1665 1085 penarum
1690 1054 1718 1078 et
1741 1053 1824 1078 mulc-

174 1104 267 1129 tarum
291 1101 465 1128 diversarum
490 1101 624 1127 inflictivc
648 1101 765 1128 diversis
790 1102 963 1136 temporibus
988 1103 1166 1136 promulgate
1191 1102 1275 1128 fuisse
1299 1102 1443 1132 dicantur,
1468 1104 1527 1128 tam
1551 1105 1649 1129 contra
1673 1104 1746 1130 clare
1770 1113 1823 1130 mc-

175 1154 261 1181 morie
286 1153 430 1180 dominum
447 1153 602 1180 Robertum
626 1163 719 1187 regem
737 1154 830 1180 Sicilie
854 1163 938 1187 quam
963 1156 1061 1180 contra
1085 1154 1226 1187 quondam
1250 1154 1393 1180 dominum
1412 1155 1564 1181 Iohannem
1588 1155 1686 1181 ducem
1704 1156 1824 1187 Duracii,

175 1206 249 1239 regis
273 1205 397 1231 eiusdem
421 1214 599 1238 germanum,
628 1214 659 1231 ac.
688 1205 772 1232 etiam
799 1207 897 1231 contra
922 1206 1056 1232 vassallos
1085 1208 1114 1232 et
1144 1206 1214 1232 alios
1243 1206 1333 1232 eidem
1364 1206 1422 1240 regi
1451 1207 1572 1233 mediate
1597 1207 1639 1233 vel
1664 1207 1824 1234 immediate

175 1258 316 1284 subiectos
348 1256 427 1291 regni
451 1256 545 1283 Sicilie
574 1259 603 1284 et
631 1257 782 1284 comitatus
812 1257 958 1283 Provincie
987 1260 1015 1283 ct
1046 1257 1163 1283 aliarum
1195 1260 1333 1284 terrarum
1361 1258 1434 1291 regis
1462 1258 1586 1284 eiusdem
1614 1268 1698 1292 quam
1728 1261 1825 1285 contra

175 1309 325 1336 nonnullos
349 1308 423 1334 cives
448 1310 477 1334 etv
500 1308 606 1334 incolas
627 1309 751 1335 civitatis
772 1309 904 1340 Romane,
929 1318 979 1335 nec
999 1318 1053 1335 non
1073 1312 1171 1336 contra
1193 1309 1338 1335 civitatem
1362 1312 1391 1336 et
1414 1319 1559 1336 commuue
1577 1311 1768 1337 Florentinum
1793 1320 1824 1336 ac

176 1363 342 1395 potestates,
377 1360 549 1394 capitaneos,
581 1361 724 1392 officiales,
756 1361 899 1387 ministros
929 1363 957 1387 ct
981 1362 1130 1387 nonnullas
1154 1361 1311 1395 singulares
1342 1361 1465 1387 eiusdem
1490 1362 1614 1388 civitatis
1638 1371 1770 1396 personas
1794 1371 1825 1388 ac

175 1413 261 1439 etiam
280 1414 379 1439 contra
396 1413 466 1439 alias
485 1413 616 1439 civitates
637 1415 665 1439 et
689 1414 750 1439 loca
774 1414 821 1439 ct*
845 1413 995 1439 nonnullas
1013 1422 1146 1447 personas
1163 1413 1328 1447 singulares,
1353 1423 1406 1447 que
1430 1414 1543 1447 ‹piidem
1560 1414 1690 1440 civitates
1714 1416 1743 1440 et
1766 1424 1825 1448 per-

175 1473 242 1491 sone
260 1467 386 1498 tempore
403 1465 471 1491 dicti
488 1465 592 1491 domini
612 1465 724 1491 Ileurivi
743 1465 913 1491 adheserunt
930 1465 987 1499 regi
1006 1467 1124 1499 prefato,
1149 1461 1188 1491 do
1215 1466 1246 1492 ct
1270 1461 1411 1491 concedo
1429 1461 1549 1491 eisdem
1569 1461 1825 1502 procuratoribus

174 1512 254 1542 mcis
285 1512 335 1542 vel
362 1512 461 1542 tribus
490 1523 529 1542 ex
561 1513 606 1542 eis
639 1513 668 1542 in
694 1512 840 1543 Romana
864 1513 951 1543 curia
975 1513 1177 1553 presentibus
1201 1513 1328 1554 plenam
1358 1518 1388 1543 et
1413 1513 1544 1543 liberali}
1571 1518 1763 1553 potestatem
1794 1517 1825 1544 ct

174 1563 314 1604 speciale
340 1563 525 1594 mandatum
552 1564 758 1604 promittendi
785 1565 912 1595 nomine
937 1575 1009 1595 meo
1035 1569 1066 1594 ct
1091 1576 1147 1605 pro
1172 1575 1222 1595 me
1247 1576 1283 1595 ac
1309 1565 1430 1595 iurandi
1457 1566 1484 1595 in
1510 1565 1648 1595 animam
1666 1576 1770 1596 meam
1796 1566 1824 1595 in

174 1615 319 1645 manibus
345 1616 522 1646 sanctitatis
549 1619 651 1646 vostre
676 1616 725 1646 vel
751 1616 883 1646 alterius
912 1627 968 1646 scu
997 1617 1131 1647 aliorum
1161 1617 1200 1647 ad
1227 1617 1286 1647 hoc
1315 1628 1333 1646 a
1357 1618 1526 1647 sanctitate
1552 1620 1656 1647 vestra
1681 1617 1825 1658 deputati

173 1677 228 1697 seu
246 1666 419 1707 deputandi
440 1670 495 1697 aut
512 1667 737 1708 deputatorum
763 1678 817 1698 seu
836 1667 1090 1708 (lcputamlorum
1114 1676 1184 1709 post
1201 1669 1467 1709 ap}›rohationcm
1490 1679 1593 1699 meam
1615 1679 1672 1709 per
1689 1668 1823 1699 candem

174 1718 377 1748 sanctitatem
409 1722 546 1748 vestram
577 1719 709 1753 factam,
741 1724 814 1757 quod
845 1726 960 1757 propter
990 1734 1170 1758 quoscunque
1195 1727 1223 1750 vt
1247 1725 1454 1758 qualescunque
1479 1734 1620 1757 excessus,
1650 1725 1824 1752 rebelliones.

174 1774 384 1800 inobediencias
416 1776 444 1800 ct
476 1775 592 1801 iniurias
622 1776 740 1809 predicti
765 1785 910 1809 processus
941 1776 1008 1801 l‘acti
1033 1776 1137 1802 suerint
1168 1779 1197 1802 ct
1225 1777 1367 1803 sentencie
1392 1777 1581 1811 lumnulgate,
1611 1777 1682 1813 post
1707 1772 1822 1802 dietam

174 1821 444 1862 approhacioncm
462 1833 566 1852 meam
589 1823 669 1853 infra
694 1826 764 1853 octo
783 1822 860 1859 dies,
886 1823 960 1853 dum
986 1823 1025 1853 de
1043 1823 1128 1854 dicta
1145 1824 1381 1864 appi-oliacione
1406 1835 1478 1854 mca
1495 1824 1617 1854 litteras
1633 1824 1824 1864 apostolicas

174 1876 319 1913 patentes
344 1884 512 1914 l't3001b01·<),
544 1888 638 1905 omnes
665 1879 823 1905 huiusmodi
848 1888 994 1912 processus
1019 1882 1047 1905 et
1071 1880 1243 1912 sentencias,
1272 1882 1411 1913 quatenus
1435 1882 1644 1914 processerunt,
1676 1880 1821 1910 revocabo,

174 1938 233 1955 nec
254 1930 343 1955 non⁹6
367 1930 496 1956 effectum
518 1940 613 1956 eorum
631 1931 763 1957 anullalno
787 1934 815 1957 et
832 1932 930 1958 tollam
955 1932 984 1958 iu
1005 1934 1106 1965 totum,
1131 1935 1159 1959 ct
1183 1933 1315 1966 quicquid
1340 1934 1425 1959 ctiam
1450 1942 1482 1959 cx
1507 1933 1546 1959 eis
1571 1929 1689 1959 factum
1715 1934 1757 1959 est
1781 1933 1823 1958 vel

174 1981 209 2007 ob
233 1989 280 2007 cos
311 1983 339 2007 et
368 1981 482 2015 insuper
514 1991 609 2009 omnes
638 1992 779 2015 excessus,
810 1983 990 2015 rebelliones,
1020 1984 1240 2017 inobedicnciaS,
1272 1985 1387 2010 iniurias
1418 1987 1446 2011 et
1470 1986 1601 2015 offensas,
1629 1984 1677 2017 qui
1702 1984 1745 2010 vel
1769 1993 1822 2017 que

174 2033 314 2059 commissi
339 2033 383 2059 vel
400 2033 545 2060 commisse
570 2034 675 2060 fuerint
699 2044 748 2068 per
772 2044 865 2069 regem
890 2038 919 2061 et
942 2036 1013 2062 alios
1031 2036 1207 2070 supradictos
1233 2037 1275 2063 vel
1299 2037 1422 2070 ipsorum
1449 2037 1570 2070 aliquem
1595 2036 1638 2062 vel
1662 2036 1771 2069 aliquos
1795 2038 1824 2062 et

173 2093 223 2118 per
246 2084 385 2116 civitates
410 2086 627 2112 communitates
651 2088 680 2112 et
704 2087 764 2113 loca
781 2087 908 2120 predicta
931 2087 959 2113 in
985 2087 1113 2121 partibus
1132 2088 1213 2114 Italic
1237 2091 1336 2115 contra
1356 2090 1495 2122 prefatum
1513 2088 1654 2113 domiuum
1672 2088 1820 2113 Hem-icum

172 2137 216 2162 vcl
240 2145 304 2162 suos
329 2157 358 2163 ..
382 2137 516 2163 officiales
541 2146 588 2163 seu
613 2140 711 2164 contra
735 2138 882 2172 imperium
906 2139 1006 2172 quovis
1034 2140 1129 2171 modo,
1155 2140 1183 2166 in
1207 2142 1343 2173 quantum
1368 2142 1564 2174 processerunt
1593 2142 1621 2165 et
1652 2139 1686 2165 ad
1714 2148 1769 2169 me,
1800 2140 1822 2164 si

174 2188 346 2221 approbatus
364 2189 441 2214 fuero
465 2189 520 2214 *ad
537 2188 693 2223 imperium,
718 2191 860 2224 pertinere
878 2193 1003 2224 possunt,
1029 2191 1180 2222 remittam,
1206 2192 1304 2218 tollam
1329 2194 1357 2218 et.
1373 2192 1486 2226 penitus
1506 2191 1624 2218 abolebo
1648 2193 1676 2217 ct
1699 2191 1727 2216 111
1752 2191 1821 2217 iute-

173 2248 253 2274 grum
277 2240 409 2266 adversus
433 2240 560 2274 predicta
584 2241 732 2268 restituam
764 2252 859 2269 omnes
888 2245 915 2269 et
947 2243 1071 2277 singulos
1096 2244 1301 2278 suprascriptos
1326 2252 1358 2270 ac
1382 2244 1523 2274 civitates,
1555 2243 1770 2269 communitates
1795 2245 1821 2269 et

173 2291 235 2317 loca
258 2291 386 2325 predicta
409 2292 456 2323 sic,
482 2293 556 2325 quod
580 2292 691 2319 illorum
717 2294 862 2320 occasione
888 2294 931 2321 vel
956 2303 1039 2320 causa
1064 2295 1117 2328 ipsi
1142 2295 1185 2322 vel
1202 2316 1227 2322 ..
1245 2304 1418 2322 successores
1442 2304 1536 2321 eorum
1561 2304 1616 2320 non
1641 2294 1750 2328 possint
1774 2303 1822 2327 per

172 2351 224 2374 me,
248 2343 271 2368 si
296 2343 325 2369 in
350 2352 443 2377 regem
468 2344 666 2377 Romanorum,
691 2347 722 2371 ut
746 2347 893 2379 prefertur,
918 2347 1092 2380 approbatus
1116 2348 1208 2379 fuero,
1239 2350 1289 2373 aut
1312 2356 1388 2373 meos
1412 2346 1554 2380 quoslibet
1582 2355 1754 2372 successores
1778 2347 1819 2372 vel

173 2403 222 2428 per
245 2394 316 2420 alios
340 2404 402 2421 meo
426 2396 470 2422 vel
494 2396 645 2422 eorundem
670 2406 860 2424 successorum
884 2398 997 2424 nomine
1021 2399 1078 2424 ullo
1103 2408 1225 2432 unquam
1248 2401 1374 2432 tempore
1399 2398 1497 2432 impeti
1524 2407 1571 2424 seu
1602 2397 1753 2431 inquietari
1778 2398 1820 2423 vel

173 2445 258 2472 etiam
287 2446 356 2472 alias
380 2447 593 2480 quomodolibet
616 2448 773 2481 molestari,
804 2456 840 2475 ac
865 2445 1072 2485 promittendi
1101 2449 1133 2476 et
1157 2445 1281 2476 iurandi
1306 2446 1432 2476 nomine
1462 2456 1533 2476 meo
1566 2448 1599 2475 et
1626 2445 1656 2474 111
1681 2445 1819 2475 animam

173 2502 289 2532 meam,
323 2493 408 2534 quod
432 2507 604 2526 successores
627 2500 696 2526 dicti
719 2501 792 2535 regis
817 2501 911 2528 Sicilie
935 2502 1045 2528 ratione
1070 2502 1113 2528 vel
1138 2502 1283 2528 occasione
1307 2502 1496 2535 cuiuscunque
1521 2501 1731 2531 commissionisy
1757 2509 1818 2526 con-

174 2549 327 2575 fiscationis
350 2558 399 2575 seu
415 2550 541 2576 incursus
565 2560 613 2577 seu
638 2561 670 2578 ex
687 2553 786 2585 quavis
810 2553 866 2579 alia
889 2562 972 2579 causa
989 2562 1039 2587 pro
1056 2554 1192 2587 preterito
1209 2556 1335 2587 tempore
1361 2562 1444 2587 super
1465 2552 1645 2579 comitatibus
1665 2552 1817 2579 Prtwincic,

175 2600 391 2634 Forquerquerii
419 2603 448 2628 et
471 2601 648 2629 Pedemontis
677 2612 742 2629 11011
770 2604 948 2638 inquietabo,
976 2614 1032 2631 non
1056 2605 1212 2632 molestabo
1241 2615 1291 2631 nec
1319 2605 1433 2638 aliquod
1458 2605 1500 2630 ius
1530 2604 1557 2629 111
1586 2603 1625 2629 cis
1654 2604 1696 2629 vel
1725 2603 1818 2636 aliquo

175 2659 269 2677 eorum
293 2652 328 2678 ob
352 2653 487 2686 premissa
511 2654 554 2680 vel
579 2663 675 2681 eorum
699 2655 795 2688 aliqua
819 2656 981 2683 vendicabo.

1840 1010 1870 1023 nr.
1884 1007 1914 1028 lo,
1930 1004 1946 1024 l.

282 2699 364 2730 Item
389 2699 429 2730 do
448 2704 641 2740 potestatem
667 2705 699 2732 et
722 2703 862 2742 speciale
881 2702 1065 2734 mandatum
1091 2703 1212 2734 eisdem
1231 2702 1487 2744 procuratorilms
1512 2701 1561 2731 vel
1586 2701 1684 2731 trihus
1710 2711 1749 2730 cx
1774 2701 1817 2729 ci>
1834 2708 1910 2727 mam,
1927 2704 1953 2724 H.

132 2764 158 2782 50
176 2751 381 2790 promittendi
404 2752 531 2783 nomine
556 2763 628 2784 meo
653 2756 684 2784 et
702 2754 824 2785 iurandi
848 2755 878 2784 in
903 2755 1041 2785 animam
1066 2765 1181 2793 meam7
1207 2759 1373 2796 quatenus,
1398 2759 1420 2784 si
1437 2758 1581 2791 contingat
1600 2766 1641 2782 me
1659 2755 1816 2789 approbari.
