2189 2984
149 709 173 728 10

148 964 170 982 15

147 1225 172 1244 20

145 1482 168 1501 25

146 1742 170 1760 30

145 1998 169 2017 35

144 2255 169 2273 40

146 2512 170 2530 45

149 2775 173 2793 50

660 151 755 177 ACTA
775 151 887 177 anoni
908 151 1042 177 maon
1062 151 1108 177 iv.
1147 152 1220 178 1348.
1258 152 1304 178 ΝΥ.
1319 154 1376 178 «κη.
1779 159 1837 188 611

192 250 262 270 mus
290 238 331 269 ad
362 238 485 278 singula
509 237 648 278 dirigere
672 240 812 268 mentem
837 240 978 268 nostram
1010 247 1046 267 ac
1078 248 1134 278 pro
1164 238 1224 268 hoe
1248 238 1337 268 nobis
1362 239 1553 279 expediants
1575 241 1632 270 viri
1657 242 1841 282 prudentes,

192 291 245 331 qui
270 289 435 320 nobiscum
460 289 490 319 in
514 292 621 319 nostro
646 289 802 329 regimine
826 289 1019 329 participent
1037 299 1133 319 onera
1157 292 1189 319 et
1212 289 1350 319 honores
1372 293 1403 320 et
1420 292 1559 321 maxime
1578 293 1664 332 regie
1682 294 1842 324 maiestati

191 341 310 372 subditi
335 351 372 371 ac
396 340 504 371 devoti
527 351 563 370 ac
587 344 736 381 potentes
760 341 791 370 in
815 344 922 370 nostre
947 339 1089 370 subsidio
1114 340 1290 370 maiestatis
1309 341 1438 371 domare
1456 342 1609 382 superbos
1633 353 1669 373 ac
1693 345 1842 384 prosequi

193 392 431 433 delinquentes,
462 393 603 422 maxime
631 394 739 421 nostro
768 391 905 422 rebelles
933 392 1068 432 imperio
1098 391 1250 431 legalium
1279 393 1476 422 sanctionum
1510 393 1632 434 laqueis
1660 395 1842 425 innodaudo

193 449 284 474 cumg
308 443 454 474 omnibus
478 443 698 484 prerogativis,
724 443 913 483 privilegiis,
939 443 1200 474 conventionibus
1225 447 1320 484 atque
1345 445 1446 484 pactis
1470 445 1500 474 in
1525 455 1633 475 eorum
1659 445 1799 476 favorem
1824 456 1843 476 a

192 498 299 526 nostro
335 495 472 526 eulmine
501 493 719 535 indulgendis,
749 495 801 535 qui
837 505 894 535 per
923 498 1063 525 nostram
1093 495 1298 525 maiestatem
1329 493 1393 536 ald]
1424 495 1559 535 predicti
1591 498 1688 526 nostri
1716 497 1841 537 imperii

192 556 290 577 onera
318 538 537 587 supportanda
565 545 765 587 honoresque
794 546 911 576 fuerint
940 546 1098 586 deputati.
1136 545 1375 576 considerantes
1407 551 1438 576 et
1469 547 1702 578 rationabiliter
1729 548 1842 578 adver-

191 601 309 637 tentes,
346 597 431 639 quod
465 597 580 628 nobilis
616 598 663 627 vir
697 597 834 628 Iacobus
869 597 908 628 de
940 597 1087 628 Carraria
1117 598 1194 627 civis
1224 596 1336 628 Padue.
1365 597 1512 628 Romano
1542 599 1674 638 imperio
1707 599 1745 629 tle
1776 600 1843 629 iure

191 649 335 680 subiecte
364 649 445 680 adeo
470 660 504 679 se
528 653 654 690 gratum
680 649 875 689 exhibuerit,
900 649 984 689 quod
1010 649 1101 679 nobis
1125 653 1298 689 nostroque
1324 659 1422 690 reguo
1452 654 1483 679 et
1513 651 1626 679 uostris
1655 650 1844 680 officialibus

193 703 225 731 et
247 700 354 731 multis
379 701 588 741 complicibus
612 700 767 731 benivolis
792 704 823 731 et
846 701 957 731 amieis
981 701 1081 730 multa
1105 701 1234 731 servitia.
1259 700 1404 731 exhibuit
1429 703 1460 730 et
1485 700 1617 730 exhibet
1641 701 1843 739 incessanter,

191 752 300 793 sicque
325 753 476 783 meruerit
493 763 512 783 a
528 756 634 783 nostra
651 753 820 783 maiestate
837 752 868 782 in
888 752 1032 792 legitimo
1057 751 1097 782 de
1117 775 1222 782 .....
1231 752 1244 769 1¹
1270 752 1497 792 prerogativas,
1523 753 1642 792 gratias
1659 756 1690 783 et
1708 753 1845 783 honores

191 804 322 844 eiusque
344 802 524 844 prudentia,
549 804 687 837 solertia,
712 804 856 843 potentia
873 803 1089 844 virtutumque
1115 803 1208 843 copia
1233 813 1309 842 erga
1334 813 1389 833 nos
1408 803 1653 844 Romanumque
1676 804 1844 844 imperium

193 855 362 886 devotione
386 856 511 885 notoria
536 855 686 895 exigente
711 858 817 886 nostre
835 854 1015 884 serenitatis
1039 854 1146 884 offitiis
1172 855 1352 895 aggregari.
1403 854 1518 884 iccirco
1543 859 1630 885 motu
1656 856 1784 896 proprio
1808 866 1844 886 ac

192 916 232 936 ex
260 909 354 946 pacto
384 909 417 936 et
440 906 650 936 conventione
675 906 807 946 speciali
834 906 911 935 inita
936 909 969 935 et
997 916 1149 946 expressa
1178 906 1259 935 inter
1288 906 1384 935 nostri
1410 905 1554 935 culminis
1582 906 1783 936 maiestatem
1813 910 1845 937 ct

191 957 404 988 Bernardumi
434 957 473 988 de
502 957 697 988 Castellione
729 960 967 997 procuratorem
1002 964 1033 987 ct
1062 958 1282 997 procuratorio
1318 957 1445 987 nomine
1480 968 1535 997 pro
1567 968 1605 987 eo
1634 958 1843 998 recipientem

192 1018 330 1050 eumque
363 1012 513 1049 tauquam
542 1008 774 1039 benemeritum
807 1008 1004 1047 ordinamus,
1034 1009 1254 1039 constituimus
1284 1012 1315 1039 et
1351 1019 1495 1039 creamus
1530 1010 1627 1039 nostri
1660 1013 1691 1039 et
1719 1010 1843 1050 imperii

190 1059 348 1091 Romanik
365 1060 517 1090 vicarium
535 1060 565 1090 in
583 1059 667 1090 dieta
684 1060 813 1090 civitate
831 1060 942 1090 Padue
961 1064 992 1090 et
1010 1059 1153 1090 districtu
1171 1064 1202 1090 et
1219 1060 1359 1090 maxime
1384 1060 1414 1089 in
1441 1060 1531 1090 terris
1556 1064 1587 1089 et
1604 1061 1713 1090 eastris
1726 1060 1844 1090 Montis

191 1111 304 1147 Silicis,
328 1112 473 1148 Bassani,
497 1111 636 1152 Solagnc
662 1114 693 1141 ct
710 1110 886 1142 Fontanive
905 1115 936 1142 et
953 1111 1024 1141 aliis
1041 1111 1132 1143 villis.
1155 1112 1244 1141 terris
1263 1116 1294 1141 et
1313 1111 1403 1151 locis,
1422 1112 1473 1152 qui
1493 1111 1531 1141 ad
1557 1121 1687 1151 presens·
1711 1112 1843 1141 subesse

190 1163 399 1194 inrisdictioni
419 1166 450 1193 et
466 1163 599 1203 imperio
617 1163 792 1192 communis
810 1162 922 1193 Padue
940 1162 1176 1203 dignoscuntur.
1195 1163 1450 1203 quibuscumque
1469 1162 1589 1192 iuribus
1613 1163 1674 1192 sint
1691 1163 1843 1202 subiecto,

191 1217 223 1245 et
246 1225 373 1245 omnem
398 1214 659 1247 iurisdietionem,
676 1224 800 1244 merum
825 1214 994 1254 imperium
1014 1218 1109 1255 atque
1128 1215 1261 1244 mixtum
1288 1218 1319 1244 et
1336 1214 1434 1255 gladii
1453 1218 1646 1255 potestatem
1672 1216 1700 1245 in
1725 1215 1843 1245 dietam

191 1266 352 1296 civitatem
378 1269 410 1297 ct
434 1265 609 1296 districtum
627 1265 788 1306 ipsiusque
807 1266 891 1296 cives
909 1269 940 1296 et
957 1265 1075 1295 incolas
1093 1265 1354 1306 habitatoresque
1373 1270 1538 1306 presentes
1563 1270 1594 1296 ct
1615 1266 1746 1303 futuros,
1765 1278 1842 1307 quo-

191 1326 327 1358 cumque
346 1317 412 1347 iure
437 1320 635 1355 censeantur,
661 1328 718 1358 per
734 1328 768 1347 se
786 1317 835 1347 vel
860 1317 940 1347 alios
965 1317 1197 1347 exerccudum¹
1222 1328 1258 1348 ac
1283 1328 1393 1347 eorum
1418 1318 1641 1348 executionem
1666 1318 1843 1358 plenariam

191 1369 275 1399 omni
294 1369 401 1409 modo,
426 1369 493 1400 iure
519 1372 551 1400 et
568 1370 680 1407 forma,
706 1369 819 1410 quibus
838 1369 950 1399 melius
966 1379 1144 1409 possumus.
1164 1368 1368 1399 eonccdinms
1391 1374 1421 1399 et
1439 1369 1616 1399 liberaliter
1632 1370 1844 1410 indulgemus,

190 1421 283 1461 eique
321 1420 525 1451 concedimus
560 1420 694 1451 liberam
724 1424 917 1461 potestatem
943 1421 973 1450 in
999 1421 1143 1458 civitate,
1180 1421 1277 1461 ipsius
1313 1420 1456 1451 districtu
1487 1431 1522 1450 ae
1554 1421 1646 1451 terris
1675 1425 1707 1451 et
1735 1422 1845 1451 eastris

190 1472 386 1502 antedictism
401 1473 554 1503 officiales
568 1471 696 1503 creandi
714 1473 941 1512 cuiuscumque
960 1471 1169 1502 conditionisu
1183 1473 1334 1512 ipsosque
1352 1472 1506 1511 mutandi,
1525 1472 1599 1502 <lum
1614 1472 1671 1502 sibi
1687 1472 1845 1503 videbitur

191 1523 356 1563 expedire,
379 1523 622 1564 custodiamque
648 1524 744 1564 ipsius
767 1525 903 1554 civitatis
922 1524 1128 1564 omniumque
1147 1524 1356 1554 munitionum
1378 1524 1476 1564 ipsius
1493 1534 1529 1553 ae
1547 1523 1706 1554 districtus
1724 1527 1755 1554 et
1772 1535 1843 1564 pre—

188 1573 341 1605 dictarum
367 1578 523 1605 terrarum
547 1578 579 1605 et
603 1578 780 1605 castrorum
806 1586 844 1604 ex
870 1578 977 1604 nostra
1002 1575 1193 1605 auctoritate
1219 1575 1422 1609 exercende,
1454 1578 1547 1615 prout
1571 1576 1651 1613 vult,
1682 1586 1843 1616 oneraque

187 1630 300 1656 cuncta
318 1626 417 1657 realia
434 1630 466 1656 et
482 1626 663 1667 personalia
679 1630 776 1666 atque
795 1627 894 1656 mixta
912 1627 942 1656 in
961 1625 1045 1656 dicta
1063 1627 1192 1656 civitate
1210 1627 1373 1667 ipsiusque
1389 1626 1531 1657 districtu
1550 1637 1608 1657 nce
1626 1638 1686 1656 uon
1705 1628 1796 1657 terris
1813 1631 1844 1657 ct

188 1678 299 1707 castris
320 1678 465 1718 superius
482 1678 652 1708 nominatis
677 1688 732 1718 pro
759 1677 903 1708 eiusdem
913 1683 925 1699 1'
950 1678 1097 1708 civitatis.
1123 1681 1278 1708 terrarum
1298 1682 1330 1708 et
1347 1682 1522 1708 castrorum
1542 1678 1783 1709 conservatione
1808 1689 1844 1709 ae

190 1728 333 1759 custodia
348 1729 449 1759 libere
466 1729 651 1769 imponendi
668 1739 704 1759 ac
725 1729 875 1770 exigendi
895 1734 925 1759 et
942 1729 972 1759 iu
991 1740 1080 1760 suam
1100 1729 1269 1760 utilitatem
1289 1730 1505 1761 convertendi.
1525 1730 1606 1759 sieut
1622 1731 1701 1759 sacri
1720 1730 1844 1770 imperii

189 1784 361 1821 nostroque
379 1781 491 1811 honori
509 1782 640 1822 eiusque
658 1781 827 1811 commodo
842 1784 874 1811 et
887 1781 995 1812 decori
1011 1781 1165 1822 expedire
1179 1781 1349 1813 videbitur.
1369 1782 1503 1812 liberam
1522 1781 1727 1812 concedimus
1745 1781 1843 1811 facul-

188 1834 299 1865 tatem,
324 1832 612 1874 stipendiariosque
638 1833 778 1872 tenendi,
802 1833 888 1873 ipsos
912 1833 1057 1863 cassandi
1083 1837 1115 1863 et
1131 1833 1274 1863 mutandi
1301 1833 1523 1864 omnimodam
1550 1859 1555 1863 .
1576 1858 1581 1864 .
1600 1839 1626 1862 ,¹1
1653 1835 1843 1873 potestatem

189 1887 366 1925 cunctaque
392 1889 498 1914 nostra
522 1884 642 1925 regalia
666 1885 697 1914 in
721 1884 798 1914 locis
822 1885 967 1924 superius
993 1884 1167 1925 designatis
1192 1885 1220 1915 ei
1248 1895 1287 1915 ex
1306 1885 1456 1915 libertate
1481 1885 1609 1926 propria
1633 1884 1843 1918 conferentes„

189 1936 360 1976 omniaque
385 1936 530 1976 predicta
554 1939 731 1977 cunctaque
761 1936 801 1966 ab
831 1937 876 1966 eis
901 1935 1119 1976 dependentia
1143 1937 1192 1967 vel
1218 1947 1363 1967 connexa
1393 1940 1496 1967 nostra
1525 1936 1713 1966 auctoritate
1738 1936 1845 1966 valeat

190 1987 352 2027 explicare
381 1997 452 2017 cum
483 1986 613 2023 effectu,
646 1987 727 2018 sicut
751 1992 860 2028 posset
884 1992 991 2018 nostra
1016 1988 1180 2027 maiestas,
1213 1989 1236 2018 si
1262 1988 1382 2018 ibidem
1407 1988 1644 2028 presentialiter
1666 1988 1844 2017 interesset.

187 2037 259 2068 Non
288 2038 488 2069 obstantibus
515 2038 654 2079 legibus,
680 2038 980 2070 consuetudinibus.
1008 2039 1234 2075 observantiis,
1266 2039 1386 2070 iuribus
1412 2039 1656 2080 municipalibus
1680 2039 1729 2069 vel
1756 2048 1841 2068 com-

188 2090 345 2131 munibus,
369 2092 495 2122 statutis
519 2101 575 2121 seu
600 2091 720 2124 edictis,
747 2091 840 2121 factis
865 2094 897 2121 et
922 2091 1035 2121 editisr
1058 2092 1088 2121 in
1114 2092 1308 2122 contrarium
1335 2091 1598 2132 quibuscumque,
1623 2100 1700 2130 (pias
1723 2092 1754 2120 et
1771 2100 1842 2129 que,

191 2145 344 2182 quantum
371 2142 411 2173 ad
441 2143 585 2184 predicta
617 2146 649 2174 et
679 2143 846 2184 quodlibet
870 2143 1101 2184 predictorum,
1131 2144 1195 2173 acsi
1222 2143 1326 2174 forent
1351 2144 1535 2173 nominatim
1562 2146 1593 2172 et
1618 2142 1657 2172 de
1682 2141 1778 2171 verbo
1803 2141 1842 2171 ad

189 2193 320 2225 verbum
345 2195 463 2235 scripta
486 2194 688 2235 presentibus
713 2198 744 2225 et
762 2195 891 2226 inserta.
910 2195 1035 2225 etiamsi
1054 2195 1093 2225 de
1112 2194 1233 2225 eisdem
1253 2198 1418 2235 oporteret
1435 2194 1634 2235 presentibus
1657 2202 1843 2232 expressam

188 2245 257 2275 fieri
286 2247 495 2283 mentionem,
527 2257 730 2286 revocamUS,
760 2257 937 2285 cassamus,
971 2248 1144 2281 irritamus,
1180 2247 1380 2277 annullamus
1417 2251 1448 2277 et
1484 2247 1521 2276 ‹le
1555 2250 1661 2275 nostre
1694 2244 1840 2274 Romane

188 2297 276 2337 regie
306 2297 505 2337 plenitudine
535 2299 703 2339 potestatis
728 2298 872 2328 volumus
897 2302 947 2329 etS
972 2298 1173 2329 decernimus
1197 2299 1354 2328 firmitatis
1384 2298 1452 2328 fore
1484 2296 1613 2327 nulliust
1637 2296 1762 2336 penitus
1792 2295 1842 2324 vel

188 2349 353 2379 momenti.
399 2348 485 2379 Nulli
511 2360 587 2390 ergo
612 2350 775 2380 hominum
799 2350 896 2380 liceat
926 2350 1006 2380 lianc
1032 2350 1182 2390 paginam
1207 2354 1313 2380 nostre
1344 2349 1567 2387 ordinationis,
1597 2347 1840 2385 constitutionis,

189 2400 367 2440 creationis,
393 2401 605 2431 concessionis
630 2404 662 2432 et
685 2401 856 2432 voluntatis
880 2402 1053 2442 infringere
1078 2401 1127 2432 vel
1153 2402 1181 2431 ei
1206 2411 1286 2431 ausu
1310 2401 1480 2431 temerario
1500 2399 1668 2429 contraire.
1715 2396 1748 2427 Si
1773 2397 1842 2437 quis

189 2454 297 2481 antem
321 2451 381 2482 hoc
405 2455 563 2483 attentare
587 2453 827 2493 presumpserit.
853 2455 961 2493 preter
985 2452 1238 2493 indignationem
1263 2455 1403 2482 nostram
1422 2462 1538 2492 penam
1557 2449 1643 2480 mille
1661 2458 1841 2479 marcarum

190 2503 258 2532 auri
285 2504 369 2543 puri,
397 2503 607 2534 medietatem
638 2504 725 2544 regie
760 2514 887 2534 camere
917 2508 1023 2534 nostre
1058 2512 1089 2534 et
1118 2504 1213 2534 aliam
1242 2504 1451 2534 medietatem
1477 2502 1558 2543 parti
1583 2501 1648 2531 lese
1673 2499 1840 2530 irremissi-

192 2553 296 2584 biliter
318 2555 563 2594 persolvendam
588 2565 621 2585 se
647 2556 770 2585 noverit
792 2555 1000 2586 incursurum.
1048 2555 1150 2585 Huius
1175 2555 1219 2586 rei
1245 2558 1340 2585 testes
1358 2558 1428 2584 sunt
1447 2552 1600 2584 Gerlacus
1618 2551 1833 2591 Maguutinus,

292 2638 358 2664 601.
387 2639 404 2671 s)
421 2640 457 2664 sic
475 2641 513 2664 rel
531 2641 650 2672 expediat
668 2641 696 2665 Γ.
785 2642 809 2671 3)
829 2641 894 2665 incer
912 2641 1057 2665 innodandi)
1077 2646 1097 2664 et
1117 2649 1174 2665 cum
1194 2641 1319 2672 quaedam
1339 2640 1460 2664 cafealssse
1480 2639 1603 2663 ridentur,
1691 2636 1715 2663 11)
1736 2637 1831 2659 lacuna

188 2681 215 2705 {71-
234 2681 261 2705 V.
340 2681 357 2713 i)
377 2684 548 2708 Berncardum
569 2683 595 2708 Γ.
674 2682 699 2714 k)
719 2685 862 2707 Romanum
882 2683 907 2707 V.
990 2682 1007 2709 1)
1027 2684 1059 2707 ad
1079 2684 1248 2708 exercendum
1269 2683 1295 2707 Γ.
1376 2686 1407 2708 ¹¹¹)
1427 2683 1534 2706 liberam
1554 2684 1703 2712 potestatem
1724 2679 1788 2703 add.
1814 2678 1838 2701 Γ.

188 2725 213 2755 ¹¹)
233 2726 259 2749 in
277 2726 387 2757 civitate,
406 2726 486 2758 ipsius
505 2726 622 2750 districtu
640 2734 668 2750 ac
688 2727 777 2750 castris
796 2730 820 2750 et
838 2726 910 2750 terris
929 2726 1064 2750 antedictis
1084 2726 1157 2750 iterat
1183 2725 1209 2750 V.
1305 2726 1328 2757 Η)
1348 2726 1465 2757 expedire
1490 2724 1515 2748 Γ.
1606 2727 1629 2753 ¹¹)
1649 2722 1781 2746 cuiusdam
1812 2720 1839 2744 I⁷·

192 2768 216 2799 q)
236 2769 298 2793 hesit
317 2768 344 2793 V.
433 2769 453 2800 1')
474 2769 561 2793 edictis
581 2768 608 2792 V.
697 2773 716 2792 Ξ]
737 2769 802 2792 deest
823 2768 852 2795 V:
872 2768 1049 2799 supplet-lmus.
1138 2772 1156 2795 ¹)
1177 2774 1201 2792 et
1220 2768 1316 2792 nullius
1338 2768 1363 2792 V.

1635 2814 1686 2827 μη

1640 2822 1645 2838 ι’
1657 2822 1663 2839 l
