2189 2984
158 684 182 702 10

156 1052 179 1071 15

153 1358 177 1377 20

152 1616 175 1635 25

153 1873 178 1892 30

149 2129 174 2147 35

150 2395 175 2413 40

650 127 745 153 ACTA
765 128 876 154 REGNI
896 128 1030 154 KAROLI
1050 129 1096 155 IV.
1132 131 1205 156 1346.
1244 130 1290 156 Nr.
1305 132 1344 158 70.
1363 133 1402 158 71.
1782 141 1837 170 103

202 213 310 253 pocius
335 224 428 254 quam
455 224 581 254 preesse
606 215 777 254 possimus,
809 214 956 245 duximus
980 215 1224 252 submittendos,
1254 217 1406 248 eleccioni
1438 223 1578 259 pret-acte
1607 223 1836 254 conseneicndo

201 264 362 294 humiliter
390 268 422 294 et
450 264 574 295 devote.
622 265 841 306 Quapropterf
862 266 1089 307 prudenciam&
1113 272 1249 298 vestram
1274 270 1392 300 seriosa
1415 271 1568 302 instancia
1592 274 1778 313 requirimus
1807 279 1837 305 et

200 325 364 356 rogamus,
390 319 544 356 quatenus
569 316 659 346 nobis
683 317 726 347 sic
750 320 784 347 ut
807 318 999 357 premittitur
1023 318 1053 348 in
1077 329 1187 358 regem
1207 319 1424 351 Romanorum
1448 322 1549 353 electo
1574 323 1647 353 auth
1671 326 1782 355 nostris
1807 327 1837 355 in

201 366 259 397 hac
283 370 373 407 parte
397 368 620 397 commissariis
644 369 674 398 in
699 368 844 398 omnibus
870 372 901 399 et
925 379 981 408 per
998 369 1113 400 omnia.
1138 370 1168 399 in
1187 370 1299 410 quibus
1323 382 1412 402 sacro
1436 373 1569 413 imperio
1594 375 1712 404 astricti
1736 377 1837 406 nosci-

200 419 286 457 mini,
310 423 456 459 prompte
480 418 645 449 intendere
671 423 702 449 et
725 419 864 449 fideliter
887 419 1019 450 obedire
1043 421 1169 460 curetis,
1193 425 1226 451 ut
1249 421 1289 452 ad
1313 423 1445 463 singula,
1470 435 1530 464 que
1555 425 1643 455 vobis
1666 425 1837 458 honorifica

200 474 232 500 et
255 470 429 500 accomoda
452 470 584 507 fuerint,
613 473 705 510 grata
729 470 910 500 vicissitudo
936 481 992 511 per
1016 471 1206 512 condignam
1230 473 1407 511 graciarum
1432 479 1463 504 et
1487 475 1628 506 favorum
1653 478 1837 517 specialium

199 532 440 562 recompensam
464 522 642 562 promptius
667 532 724 551 nos
748 522 886 552 inclinet.
926 522 966 552 Et
983 523 1204 554 nichilominus
1224 528 1256 554 ut
1272 524 1312 554 ab
1330 525 1474 556 omnibus
1490 529 1674 558 mereamini
1691 529 1836 569 speciali-

199 573 257 604 bus
281 574 438 613 preconiis
461 573 589 603 lauduni
613 573 726 611 attolli,
750 573 945 604 voluntatem
971 578 1108 605 vestram
1133 575 1223 605 nobis
1246 577 1376 606 rescribi
1401 578 1537 617 petimus
1561 581 1757 618 presencium
1782 591 1838 621 per

198 624 343 655 latorem.

309 676 427 706 Datum
456 677 486 706 in
517 677 667 717 pomeriis
696 676 808 716 propei
832 676 951 707 Rensci
976 687 1072 717 super
1099 678 1223 708 alveum
1248 678 1329 709 Reni
1360 679 1411 710 die
1440 680 1497 710 XI.
1522 683 1637 712 mensis
1666 682 1750 720 Iulii,
1781 684 1836 714 sub

198 727 302 768 sigillo
326 728 561 759 marchionatus
586 728 682 758 nostri
707 727 859 758 Mor-avie.

509 860 567 893 71.
609 859 772 904 Epistula
802 860 999 894 Baulos-ini
1027 861 1281 905 (o‘rltiepiscopi.
1307 881 1356 885 ——
1386 862 1453 895 Iul.
1476 865 1527 897 11.

307 934 405 972 Copia
432 933 458 963 L
484 934 519 963 ’ἱπ
542 933 642 963 codice
666 933 792 971 Ja'mlolfi
818 933 912 964 Lossc
933 933 987 971 sol.
1006 935 1066 963 1251
1091 935 1183 971 (137)
1207 935 1241 964 ‘in
1269 935 1394 965 archim
1421 936 1544 975 publico
1573 936 1835 970 Dmmsz‘adicvsi.

200 984 339 1016 Contulit
363 984 404 1015 R.
421 983 576 1014 Salomon.
601 1003 641 1006 -
664 984 724 1014 Ed.
742 983 850 1014 Ender
870 995 900 1022 p.
920 986 981 1013 0207
1004 995 1056 1014 nr.
1077 986 1168 1014 1740.

306 1045 379 1084 ch.
404 1045 475 1083 imp.
500 1044 587 1075 VIII
607 1044 836 1074 Rcichssaclzen
860 1055 907 1076 nr.
926 1047 952 1074 7.

303 1139 506 1170 Baldewinus
523 1139 583 1169 Dei
601 1140 709 1179 gracia
727 1144 833 1169 sancte
859 1138 1063 1169 Trovercnsis
1081 1139 1214 1170 ecclesie
1238 1140 1505 1181 archiepiscopus,
1530 1144 1609 1172 sacri
1633 1144 1755 1184 imperii
1780 1155 1836 1184 per

196 1191 335 1222 Galliam
352 1191 661 1228 archicancellarius,
729 1191 802 1221 viris
819 1190 1029 1231 prudentibus
1053 1194 1085 1221 01
1109 1191 1252 1221 discretis
1269 1193 1428 1232 magistris
1452 1193 1576 1228 civium,
1601 1195 1781 1225 consulibus
1805 1200 1836 1226 et

197 1244 411 1274 universitatiss
430 1243 515 1283 opidi
534 1243 573 1273 de
590 1242 759 1277 Biberach,
784 1243 895 1272 amicis
919 1242 982 1271 suis
999 1241 1132 1277 (11100115,
1199 1243 1347 1274 affectum
1366 1245 1523 1275 sincerum
1541 1256 1611 1275 cum
1629 1246 1833 1277 salutacione.

303 1295 417 1325 Vestro
441 1294 644 1335 providencie
669 1295 813 1324 volumus
847 1304 916 1323 csse
947 1298 1070 1332 notum,
1106 1294 1207 1334 quod,
1239 1305 1309 1324 cum
1342 1306 1402 1325 una
1437 1306 1507 1326 cuin
1539 1297 1608 1327 aliis
1642 1299 1834 1339 primfipibus

197 1346 426 1377 coelectoribus
451 1347 564 1376 nostris
588 1347 618 1376 in
642 1346 792 1386 pomeriis
816 1355 914 1386 prope
933 1344 1037 1375 chse
1063 1356 1158 1385 super
1181 1345 1305 1375 alveum
1331 1346 1410 1376 chi
1435 1349 1648 1387 convenimus,
1672 1349 1724 1379 ubi
1750 1351 1833 1390 prin-

197 1399 283 1439 cipes
308 1399 462 1429 electores
486 1408 582 1438 super
599 1398 739 1437 negociis
764 1397 887 1437 imperii
913 1398 1081 1427 convenire
1100 1397 1252 1427 hactenus
1277 1403 1517 1434 consueverunt,
1542 1399 1723 1441 ibidemque
1748 1412 1833 1432 eom-

195 1450 281 1480 muni
305 1451 467 1480 sentencia
490 1453 554 1480 tam
580 1454 685 1479 nostra
703 1460 797 1490 quam
815 1449 970 1479 dictorum
989 1449 1202 1479 coelectorum
1227 1453 1404 1479 nostrorum
1423 1461 1515 1490 quam
1541 1451 1675 1481 aliorum
1703 1463 1832 1494 magna-

195 1505 261 1532 tum
286 1506 318 1532 et
342 1512 507 1542 procerum
525 1501 687 1531 decretum
713 1505 744 1531 ct
767 1501 996 1531 sentcnciatum
1016 1501 1120 1537 fuerit,
1145 1500 1262 1530 dictum
1282 1501 1448 1541 imperium
1467 1502 1661 1542 aliquamdiu
1679 1503 1831 1534 hactenus

195 1554 371 1586 vacavisse,
404 1564 459 1582 nos
490 1554 718 1593 perspicaciter
745 1552 962 1586 attendentes,
991 1556 1109 1592 quanta
1138 1553 1247 1591 gravia
1276 1553 1418 1592 pericula
1450 1558 1482 1584 et
1516 1553 1681 1594 dispendia
1711 1555 1829 1585 diutina

196 1604 271 1635 dicti
300 1605 424 1645 imperii
449 1606 577 1635 van-acio
609 1605 664 1634 toti
691 1604 910 1634 christianitati
943 1614 979 1633 ac
1009 1604 1067 1643 ipsi
1094 1604 1226 1643 imperio
1256 1610 1287 1633 01
1311 1605 1368 1634 1011
1394 1606 1437 1634 101
1464 1605 1589 1645 publice
1613 1606 1779 1646 ingesserit
1803 1611 1834 1636 et

195 1655 297 1686 adhuc
321 1657 477 1696 graviora,
502 1655 558 1697 [111]
577 1656 789 1686 verisimiliter
808 1655 1048 1693 formidabatur,
1074 1656 1188 1685 inferre
1208 1656 1344 1695 potuerit
1368 1657 1396 1686 in
1422 1656 1569 1690 futurum,
1594 1668 1630 1687 ac
1655 1658 1831 1688 huiusmodi

194 1707 404 1749 dispendiosis
422 1708 579 1748 periculis,
602 1709 630 1738 in
650 1714 801 1748 quantum
820 1709 848 1737 in
867 1707 957 1737 nobis
975 1708 1079 1737 extitit
1101 1712 1132 1737 ct
1149 1714 1242 1747 prout
1261 1707 1301 1737 ud
1319 1719 1374 1737 nos
1391 1709 1457 1738 iure
1474 1709 1633 1748 pertinere
1652 1710 1831 1745 dinoscitur,

194 1770 359 1790 occurrere
385 1760 685 1800 conservacionique
712 1760 786 1790 iuris
810 1760 908 1789 nostri
933 1760 1116 1799 prospicere
1142 1759 1318 1799 cupientes,
1344 1760 1373 1789 in
1398 1761 1632 1790 serenissimum
1658 1762 1830 1801 principem

194 1811 354 1842 dominum
391 1812 561 1849 Karolum,
600 1811 718 1841 domini
754 1811 838 1851 regis
875 1811 1006 1841 Boemic
1042 1811 1166 1851 nepotis
1202 1811 1298 1840 nostri
1327 1811 1586 1851 primogenitum,
1616 1812 1831 1843 marchionem

197 1863 353 1896 Moravie.
385 1864 485 1893 virum
515 1864 624 1903 utiquc
654 1867 837 1893 strennuum
862 1868 893 1892 ct
918 1862 1123 1897 catholicum,
1148 1862 1320 1903 prudencia
1346 1866 1377 1892 et
1401 1862 1594 1893 dis‹·rccione
1618 1875 1653 1893 ac
1679 1864 1747 1893 aliis
1771 1865 1831 1894 vir-

195 1914 314 1944 tutibus
338 1914 565 1954 multiplicibus
589 1915 781 1954 insignitum,
799 1914 972 1943 direximus
996 1914 1186 1943 unanimiter
1210 1918 1282 1944 vota
1306 1921 1421 1947 nostra,
1446 1914 1539 1944 eumb
1564 1915 1592 1944 in
1617 1915 1830 1945 Romanorum

194 1975 301 2006 regem
328 1966 374 1995 inc
398 1966 624 2006 imperatorem
650 1965 852 2006 postmodum
877 1964 1129 2004 promovendum
1159 1965 1217 1994 rite
1249 1968 1279 1994 et
1309 1965 1507 1994 concorditer
1531 1965 1687 2004 eligendo.
1731 1966 1831 2006 Igitur

194 2022 331 2047 vestram
356 2017 590 2058 providenciam
617 2028 674 2057 pcr
697 2020 862 2057 presentes
888 2016 1005 2046 seriose
1030 2016 1218 2055 respiirimus
1248 2020 1279 2046 et
1307 2026 1453 2056 rogamus
1477 2027 1513 2045 ac
1538 2017 1691 2046 attencius
1715 2016 1829 2046 exhor-

195 2070 314 2107 tamus,
343 2073 498 2110 quatenus
530 2069 654 2109 prefato
685 2068 812 2098 domino
844 2066 963 2097 Kal-olo
993 2067 1035 2096 sic
1068 2068 1097 2096 in
1128 2067 1344 2097 Romanorum
1374 2077 1481 2107 regem
1507 2068 1608 2097 electo
1633 2071 1687 2097 aut
1710 2068 1776 2097 eius
1800 2068 1829 2097 in

193 2119 251 2150 hac
286 2125 375 2161 parte
412 2121 635 2151 commissariis
670 2121 699 2149 in
735 2118 880 2149 omnibus
911 2122 943 2148 ct
973 2128 1030 2158 per
1059 2119 1178 2155 omnia,
1209 2119 1237 2148 in
1267 2118 1379 2159 quibus
1409 2129 1497 2148 sacro
1522 2119 1666 2148 Romano
1696 2119 1828 2158 imperio

193 2172 353 2209 tenemini,
379 2172 544 2202 intendere
569 2177 601 2202 et
624 2171 762 2201 fideliter
779 2169 910 2200 obedire
936 2171 1062 2203 curetis,
1087 2176 1120 2200 ut
1144 2169 1183 2200 de
1201 2170 1362 2200 fidelitatis
1379 2174 1481 2199 vestre
1500 2169 1606 2199 debito
1625 2180 1685 2199 non
1702 2169 1828 2209 indigno

192 2222 316 2253 laudari
350 2224 549 2259 mereamini,
585 2227 617 2253 01
651 2222 872 2252 nichilominus
907 2221 1049 2261 prefatus
1082 2225 1190 2251 noster
1226 2221 1345 2251 electus
1381 2231 1436 2250 vos
1471 2221 1651 2261 specialiter
1680 2222 1828 2261 prosequi

192 2273 309 2305 habeat
333 2274 495 2305 favoribus
521 2274 684 2314 condignis
708 2278 739 2304 et
762 2274 878 2314 graciis
903 2273 1075 2313 oportunis.
1118 2272 1321 2303 Voluntatem
1342 2276 1479 2302 vestram
1503 2273 1533 2302 in
1557 2273 1716 2312 premissis
1739 2272 1828 2302 nobis

192 2325 321 2355 rescribi
345 2327 483 2367 petimus
508 2326 706 2366 presencium
730 2335 786 2365 per
810 2325 953 2354 latorem.

300 2386 418 2416 Datum
446 2386 477 2415 in
507 2386 657 2426 pomeriis
686 2385 851 2425 predictis,
883 2384 940 2414 sub
971 2383 1074 2424 sigillo
1104 2387 1227 2414 secreto
1258 2394 1276 2413 a
1307 2388 1411 2423 tergo.
1440 2384 1491 2413 die
1520 2383 1576 2413 XI.
1603 2383 1717 2413 mensis
1746 2382 1827 2419 Iulii,

193 2447 274 2468 anno
295 2437 422 2468 Domini
444 2429 678 2469 MCCCXLYI.

301 2654 346 2680 70.
374 2654 393 2686 f)
413 2656 575 2688 quiapropter
594 2656 621 2680 Z.
710 2658 733 2685 Β)
753 2656 1026 2687 spectabilitatem
1048 2654 1075 2678 Z.
1165 2653 1190 2684 h)
1210 2662 1254 2677 seu
1276 2653 1302 2677 Z.
1392 2652 1408 2681 5)
1428 2653 1492 2676 dees!
1514 2652 1539 2676 Z.

298 2740 341 2766 Tl-
369 2744 391 2771 ²¹)
411 2743 576 2766 universitate
597 2741 626 2766 L.
717 2741 740 2773 b)
756 2751 807 2773 pro
826 2750 883 2766 eum
903 2743 928 2766 111
947 2749 1050 2766 erronee
1069 2750 1126 2765 nom
1147 2741 1178 2765 L.
1266 2742 1287 2764 ⁹)
1307 2743 1330 2762 et
1351 2738 1379 2762 L.
