2189 2984
669 123 766 150 ACTA
786 122 897 149 REGNI
917 123 1052 149 KAROLI
1074 123 1120 149 IV.
1158 124 1233 150 1348.
1270 124 1318 151 Nr.
1331 126 1389 151 598.
1408 127 1466 153 599.
1829 134 1890 162 (305

351 209 456 245 Quare
484 216 519 244 ut
543 211 696 244 eleccioni
720 210 891 250 premisse,
921 219 983 250 que
1012 209 1120 240 divina
1147 210 1273 241 favente
1303 211 1478 243 clemencia
1511 224 1581 244 cum
1612 215 1890 256 solempnitatibus

243 260 358 293 debitis
382 266 415 294 et
431 265 462 295 in
478 264 557 295 locis
574 263 740 294 couswetis
765 266 797 291 et
812 260 913 291 solitis
930 260 1163 291 rationabiliter
1186 265 1219 291 et
1242 262 1301 292 rite
1319 262 1473 293 celebrari
1491 263 1632 301 debebit,
1657 269 1797 297 vestrum
1815 278 1889 298 con-

241 312 356 353 silium,
387 315 535 346 iuvamen
559 318 591 345 et
614 313 803 348 subsidium,
834 315 928 352 prout
955 311 1109 342 hactenus
1137 312 1244 343 facere
1273 315 1502 353 oonswevistis,
1534 315 1706 347 efficaciter
1736 318 1889 349 exhibere

242 363 426 405 dignemini,
451 376 507 397 vos
524 365 648 396 divisim
667 368 698 396 et
715 365 834 405 pariter
851 373 890 393 ea
905 363 1065 401 instantia,
1091 374 1153 404 qua
1171 365 1355 404 poterimus,
1381 366 1571 406 requirimus
1593 370 1624 397 et
1641 367 1813 400 hortamur.
1854 370 1889 400 In

211 426 221 444 ⁵
242 415 329 445 cuius
354 417 399 447 rei
424 417 640 447 testimonium
665 418 831 456 presentes
854 414 950 455 sigilli
970 414 1069 444 nostri
1093 414 1263 455 fratrisque
1288 416 1385 446 nostri
1403 416 1491 447 ducis
1509 416 1642 448 Steffani
1666 420 1891 451 muniminibus

241 465 390 497 duximus
414 467 621 498 roborandas.

347 516 467 549 Datum
498 520 530 549 in
554 518 711 560 Ingolstat
734 527 816 547 anno
840 516 969 547 Domini
994 516 1163 547 millesimo
1192 516 1293 548 0000
1317 517 1565 558 quadragesimo
1596 527 1721 550 octavo.
1753 521 1887 552 sabbato

240 571 312 608 post
336 571 554 601 ascensionem
579 570 719 601 Domini.

401 710 475 745 599.
511 707 978 746 PROCURATORIUM
1002 706 1339 743 DOMINORUM
1363 709 1432 743 DE
1459 708 1723 745 GONZAGrA.

196 784 220 803 10
923 775 1030 810 1348.
1073 776 1152 810 Iun.
1175 776 1209 811 2.

350 858 512 897 Oriye'nale
536 859 750 897 'impersectmn
777 857 823 888 rel
846 858 934 898 copia
958 868 1068 888 eonem
1092 858 1126 888 in.
1145 857 1254 898 forma
1278 857 1459 896 ‹lildomatis
1481 859 1600 898 scripta
1625 861 1682 900 (M)
1707 862 1741 891 ¹in
1764 861 1889 893 archivo

240 909 423 941 BIautmmo
448 910 553 940 (ΑνεΙι.
574 910 722 949 Gomagla
746 909 778 940 B
794 910 860 940 III
879 910 947 943 1:²1
1000 909 1176 948 Descripsit
1205 910 1245 940 R.
1267 909 1420 941 Salomon,
1474 911 1539 941 Nec
1564 912 1681 950 plicam
1710 923 1765 943 nec
1794 913 1889 953 siyilli

241 962 370 1001 veste'ye'a
388 962 525 1000 praebet.
551 980 592 984 ——
615 962 785 992 [meddam.

347 1021 421 1060 Ray.
446 1022 519 1062 imp.
543 1021 627 1052 VIII
649 1021 877 1052 Reichsscwhen
900 1032 948 1052 ur.
967 1023 1017 1052 117.

196 1109 219 1127 15
348 1098 501 1128 Noverint
532 1099 670 1129 universi
701 1102 883 1139 presentem
913 1099 1062 1139 paginam
1094 1099 1281 1139 inspecturi,
1311 1098 1395 1139 quod
1421 1109 1477 1130 nos
1502 1100 1636 1140 Loysius
1661 1101 1700 1131 de
1725 1101 1887 1144 Gonzaga,

239 1148 359 1182 Guido,
390 1149 592 1190 Philippinus
622 1154 654 1180 ct
682 1150 844 1180 Feltrinus
872 1151 940 1181 eius
968 1151 1085 1190 geniti,
1110 1150 1242 1187 milites,
1267 1151 1353 1180 cives
1378 1151 1517 1185 Mantue,
1543 1152 1635 1182 simul
1660 1156 1691 1182 et
1715 1155 1889 1198 separatim

239 1203 271 1230 et
295 1200 429 1241 quilibet
459 1204 599 1231 nostrum
629 1202 659 1231 in
690 1201 827 1231 solidum
852 1201 987 1232 facimus
1012 1205 1043 1232 et
1067 1201 1287 1232 constituimus
1316 1204 1347 1231 et
1372 1201 1555 1232 ordinamus
1580 1203 1745 1243 providum
1769 1209 1801 1235 et
1826 1206 1888 1236 dis-

238 1254 359 1282 cretum
391 1252 492 1282 virum
521 1252 708 1293 magistrum
738 1253 900 1293 Angelum
932 1253 971 1283 de
1002 1253 1137 1283 Arezio¹
1170 1253 1269 1283 filium
1303 1253 1464 1293 quondam
1499 1264 1551 1284 ser
1582 1254 1744 1286 Pecorarii
1775 1258 1888 1287 notarii

238 1307 419 1344 presentem
445 1307 477 1333 et
501 1307 614 1344 sponte
638 1304 825 1335 mandatum
850 1305 1059 1345 recipientem
1078 1308 1219 1335 nostrum
1237 1308 1269 1334 ct
1286 1304 1456 1335 cuiuslibet
1472 1308 1613 1336 nostrum
1638 1311 1888 1348 procuratorem,

197 1366 223 1385 20
241 1358 400 1391 actorem,
435 1356 590 1386 factorem
626 1359 657 1386 et
685 1356 828 1386 nuntium
857 1356 1048 1397 specialem,
1078 1355 1261 1396 specialiter
1288 1356 1328 1386 ad
1357 1357 1607 1396 comparendum
1637 1362 1668 1388 et
1696 1368 1729 1388 se
1759 1370 1888 1399 presen—

240 1406 369 1436 tandum
396 1416 503 1436 coram
525 1408 727 1438 serenissimo
752 1408 915 1449 priucipe⁸
939 1412 971 1438 et
995 1408 1123 1438 domino
1148 1411 1254 1438 nostro
1280 1407 1408 1437 domino
1427 1408 1546 1438 Karolo
1563 1408 1625 1439 Dei
1649 1411 1753 1450 gratia
1769 1410 1888 1441 Roma-

238 1467 348 1487 norum
382 1468 459 1497 rege
495 1468 623 1499 semper
651 1463 786 1499 augusto
817 1463 848 1489 et
877 1460 1010 1489 Boemie
1041 1470 1117 1499 rege
1148 1462 1179 1489 et
1212 1458 1251 1489 ad
1277 1459 1450 1498 petendum
1476 1463 1508 1490 et
1532 1460 1738 1491 obtinendmn
1763 1463 1889 1492 nomine

236 1513 345 1539 nostro
370 1514 401 1539 et
426 1509 599 1540 cuiuslibet
623 1514 763 1541 nostrum
789 1510 960 1541 insolidum
986 1510 1152 1551 principali
1178 1511 1368 1540 auctoritate
1397 1511 1427 1540 in
1452 1516 1641 1551 perpetuum
1667 1513 1717 1543 vel
1742 1512 1781 1543 ad
1807 1517 1887 1544 tem-

238 1571 296 1600 pus
320 1570 377 1600 per
402 1561 524 1600 regiam
548 1562 751 1592 maiestatem
777 1562 1074 1593 determinandumb
1092 1563 1277 1592 vicariatum
1304 1563 1488 1601 generalem
1513 1564 1676 1594 civitatum
1702 1565 1832 1595 Mantue
1857 1570 1889 1595 ct

193 1621 217 1640 25
237 1611 331 1651 Regii
364 1615 395 1642 et
429 1613 579 1642 territorii
615 1614 680 1643 sive
716 1613 914 1644 districtuum
944 1614 1117 1644 earundem
1150 1624 1206 1654 pro
1236 1613 1380 1654 predicta
1408 1614 1507 1654 regali
1538 1616 1705 1646 maiestate
1736 1620 1768 1646 ct
1798 1626 1886 1646 sacro

237 1662 383 1693 Romano
415 1664 558 1703 imperio.
611 1664 691 1695 Item
724 1666 911 1695 vicariatum
946 1665 1220 1705 intrascriptorum
1258 1664 1427 1703 bonorum,
1461 1665 1620 1705 locorum,
1653 1670 1826 1697 castrorum
1856 1672 1888 1698 et

237 1713 417 1744 hominum:
449 1714 599 1745 videlicet
629 1717 722 1746 castri
752 1716 863 1747 Razoli
893 1720 924 1747 et
948 1717 1034 1747 curie
1060 1718 1138 1747 citra
1162 1717 1279 1747 flumen
1304 1717 1431 1747 Taliate
1456 1720 1488 1747 ct
1512 1717 1607 1753 ultra,
1632 1719 1717 1748 curie
1743 1718 1886 1753 Quaran-

237 1764 386 1795 tullarnm
413 1768 445 1795 et
468 1767 563 1796 castri
588 1766 778 1798 Mirandulle
804 1768 899 1808 positi
924 1768 954 1797 in
979 1768 1048 1808 ipsa
1072 1768 1168 1806 curia,
1193 1768 1278 1799 curie
1303 1769 1402 1799 sancti
1428 1769 1607 1799 Possidonii
1631 1772 1663 1800 et
1686 1772 1784 1800 sancti
1802 1771 1886 1801 Mar-

237 1816 293 1845 tini
329 1817 358 1846 in
395 1816 508 1857 Spino,
543 1820 627 1848 terre
657 1822 688 1848 et
717 1819 812 1849 castri
842 1819 977 1849 Luzarie
1009 1823 1041 1849 ct
1071 1820 1138 1849 cius
1172 1820 1345 1853 curiarum,
1376 1820 1549 1850 secundum
1578 1821 1662 1861 quod
1691 1821 1730 1851 ad
1757 1832 1887 1862 presens

193 1878 218 1896 3ο
237 1870 381 1898 tenemus
412 1872 444 1898 et
479 1869 680 1908 possidemus
709 1874 740 1900 ct
770 1870 922 1901 hactenus
952 1871 1112 1901 tenuimus
1143 1874 1175 1901 et
1204 1871 1415 1911 possedimus.
1466 1871 1546 1902 Item
1575 1873 1760 1903 vicariatum
1790 1873 1885 1903 infra-

236 1919 426 1958 scriptorum
450 1919 622 1959 bonorum,
648 1921 807 1955 locorum,
833 1926 1009 1952 castrorum
1035 1926 1065 1952 et
1090 1926 1263 1952 terrarum:
1294 1922 1445 1953 videlicet
1469 1924 1563 1953 castri
1587 1927 1619 1954 ct
1642 1927 1725 1954 terre
1749 1924 1886 1961 Platiue,

239 1969 338 2000 insule
375 1970 414 2000 de
446 1970 640 2006 Dovaresiis,
666 1974 758 2003 castri
784 1977 816 2003 ct
839 1977 922 2004 terre
947 1974 1202 2004 Casalismaioris
1226 1977 1258 2003 et
1281 1977 1364 2004 terre
1389 1974 1507 2004 Doxoli
1530 1985 1599 2005 cum
1625 1976 1727 2015 terris,
1752 1976 1833 2005 villis
1855 1979 1887 2006 ct

236 2021 328 2057 locis,
363 2032 424 2062 que
453 2026 486 2052 et
515 2033 593 2063 quas
623 2028 768 2055 tenemus
797 2029 829 2055 et
857 2025 1059 2065 possidemus
1090 2025 1140 2055 vel
1174 2025 1328 2056 hactenus
1356 2027 1515 2056 tenuimus
1547 2029 1577 2056 et
1607 2027 1806 2066 possedimus
1836 2028 1886 2057 vel

235 2072 328 2102 solita
357 2076 429 2102 sunt
458 2074 559 2104 teneri
588 2078 619 2105 et
649 2075 804 2115 possideri
835 2087 892 2117 pro
921 2076 1012 2106 nobis
1036 2076 1086 2106 vel
1111 2076 1218 2116 aliquo
1248 2082 1389 2107 nostrum
1415 2078 1444 2107 in
1470 2078 1628 2107 territerio
1653 2078 1810 2109 Cremone
1835 2079 1885 2109 vel

192 2133 215 2152 35
237 2123 303 2153 eius
329 2123 481 2154 districtu.
529 2125 611 2156 Item
637 2127 823 2157 vicariatum
848 2128 1122 2168 infrascriptorum
1147 2127 1312 2163 bonorum,
1338 2132 1526 2165 castrorum,
1552 2128 1704 2165 locorum,
1730 2133 1884 2160 terrarum

235 2177 267 2203 et
295 2173 458 2205 hominum
492 2177 667 2216 positorum
698 2178 727 2207 in
753 2179 912 2209 territorio
937 2189 993 2209 seu
1018 2178 1162 2209 districtu
1186 2178 1314 2215 Brixie,
1346 2188 1408 2219 que
1438 2189 1518 2208 nunc
1548 2183 1693 2210 tenemus
1725 2184 1756 2210 et
1783 2181 1884 2220 possi-

235 2224 348 2255 demus
372 2227 422 2256 vel
446 2226 600 2258 hactenus
625 2229 784 2259 tenuimus
814 2234 845 2260 et
875 2229 1078 2270 possedimus
1103 2229 1152 2259 vcl
1176 2233 1283 2259 nostro
1308 2230 1434 2260 nomine
1460 2233 1611 2260 consueta
1636 2234 1706 2260 sunt
1729 2231 1830 2261 teneri
1854 2235 1886 2261 et

235 2276 410 2316 possideri:
437 2277 588 2310 videlicet
612 2280 705 2310 castri
723 2284 755 2310 et
772 2284 854 2311 terre
872 2280 1012 2319 Sulfrini,
1037 2281 1141 2319 castri,
1167 2284 1249 2311 terre
1273 2285 1305 2311 ct
1328 2282 1413 2311 curie
1438 2281 1646 2319 Mentisclari,
1672 2283 1775 2318 castri,
1800 2285 1884 2312 terre

234 2330 265 2356 et
293 2328 377 2358 curie
410 2328 515 2359 Castri
546 2329 695 2371 Gefredi,
726 2333 836 2371 castri,
872 2336 956 2363 terre
991 2335 1023 2363 ct
1058 2333 1143 2362 curie
1169 2333 1268 2363 Asule
1293 2336 1325 2362 et
1353 2333 1493 2363 omnium
1521 2333 1692 2371 all(iorum)
1719 2336 1882 2371 terrarum,

190 2385 217 2403 40
236 2381 429 2418 castrorum,
465 2382 622 2412 curiarum
656 2386 688 2412 et
722 2383 864 2414 locorum
900 2385 1077 2424 positorum
1112 2384 1143 2413 in
1173 2384 1316 2414 districtu
1343 2394 1399 2413 seu
1431 2385 1588 2414 territorio
1613 2384 1735 2421 Brixie,
1768 2395 1828 2425 que
1853 2388 1884 2414 ct

237 2439 316 2469 quas
340 2440 397 2460 nos
421 2431 471 2462 vel
496 2433 548 2462 alii
572 2444 629 2473 pro
654 2433 745 2464 nobis
771 2436 928 2465 tenuimus
954 2436 1004 2466 vel
1027 2435 1181 2465 hactenus
1206 2435 1406 2475 possidemus
1430 2445 1501 2465 cum
1519 2435 1663 2465 omuibus
1687 2439 1719 2465 et
1741 2435 1884 2476 singullis

235 2480 372 2519 iuribus,
398 2482 669 2523 iurisdieionibus,
695 2485 881 2525 honoribus,
907 2487 1032 2525 castris,
1057 2486 1165 2523 terris,
1189 2486 1276 2525 locis,
1302 2487 1405 2521 curiis,
1430 2487 1605 2523 territoriis,
1630 2487 1828 2526 pertinentiis
1853 2491 1885 2517 et

238 2541 348 2562 eorum
374 2533 568 2565 districtibus
585 2537 740 2566 universis
757 2540 875 2567 etcum
897 2538 996 2578 aquis,
1022 2536 1259 2577 piscationibus,
1283 2537 1516 2570 venationibus,
1541 2537 1723 2567 nemoribus
1748 2542 1779 2567 et
1803 2538 1884 2567 alliis

236 2584 468 2623 pertinentibus
503 2586 543 2616 ad
578 2587 738 2628 predictas
769 2592 884 2625 terras,
915 2594 1033 2627 castra,
1064 2589 1150 2626 loca,
1180 2589 1340 2620 territoria
1371 2592 1402 2618 et
1431 2589 1547 2623 curias,
1578 2588 1826 2629 qualescumque
1852 2594 1883 2619 ct

184 2671 212 2689 45
337 2669 402 2695 599.
430 2671 453 2701 ³)
473 2672 527 2703 cipe
546 2673 573 2696 1⁴71.
592 2674 646 2697 loco
666 2682 726 2697 raso
746 2673 781 2697 M.
887 2673 910 2703 ¹³)
931 2675 1115 2699 determinandi
1136 2674 1172 2698 Μ.

336 2729 361 2760 1)
382 2729 422 2754 De
442 2738 494 2762 ([ιιο
512 2731 545 2762 cf.
567 2731 611 2756 ‘N.
626 2732 717 2758 Arch!
737 2731 883 2763 XXXVI,
898 2737 954 2759 509.
