2189 2984
390 156 452 184 (305
854 150 949 176 ACTA
969 149 1081 176 REGNI
1101 144 1237 176 KAROLI'
1258 149 1303 175 lV.
1342 148 1415 175 1348.
1452 148 1500 174 Nr.
1513 148 1571 176 600.

390 237 600 268 absolutionis
628 237 838 267 beneficiumr
865 236 1009 267 obtinere
1042 247 1079 267 ac
1117 237 1215 267 nostri
1255 235 1447 276 imperiique
1483 234 1618 276 predicti
1655 235 1805 275 consequi
1838 235 1974 275 gratiam
2008 238 2040 265 et

390 289 550 328 favorem,
581 288 716 319 iden-00²³
744 288 922 328 predictum
954 288 1105 319 Iacobum
1145 292 1178 318 et
1206 288 1305 328 ipsius
1334 286 1416 317 filios
1441 288 1473 317 et
1503 285 1598 325 filias,
1627 289 1718 316 natos
1743 289 1775 316 et
1798 289 1905 325 natas,
1936 287 2038 316 nasci-

390 342 476 370 turos
500 342 531 370 et
555 340 731 371 nascituras
755 350 795 370 ex
820 342 926 370 nostre
951 339 1148 380 plenitudine
1172 338 1342 379 potestatis
1370 337 1520 377 omnique
1544 337 1624 375 iure,
1653 337 1715 377 via,
1746 337 1842 368 modo
1868 340 1900 368 et
1926 337 2038 376 forma„

390 391 504 431 quibus
528 391 643 421 melius
666 401 843 431 possumus,
868 394 956 421 motu
981 391 1110 431 proprio
1135 389 1350 420 absolvimus¹
1376 398 1551 428 eorumque
1574 389 1605 418 in
1630 391 1822 429 perpetuum
1839 398 2040 419 successores

389 441 429 472 ab
455 442 601 472 omnibus
624 442 722 481 vitiis,
747 441 896 480 maculis,
921 442 1052 472 vinculis
1076 442 1151 472 iuris
1176 441 1226 471 vel
1250 440 1340 479 facti,
1372 439 1512 470 realibus
1540 442 1572 470 et
1595 439 1817 480 personalibus
1841 450 1897 470 seu
1921 440 2039 480 mixtis,
2071 454 2082 472 s

391 503 452 534 que
483 494 649 525 occasione
674 494 723 524 vel
754 504 849 524 causa
874 493 956 524 dicte
991 492 1303 533 condempnationist
1329 491 1511 532 aliqualiter
1534 491 1752 530 incurrissent,
1777 491 1943 532 ipsamque
1967 501 2039 521 sen-

391 545 524 574 tentiam
554 547 586 575 et
610 544 949 585 condempnationem*
973 545 1003 574 in
1028 545 1087 575 hae
1111 547 1202 585 parte
1228 543 1399 584 omniaque
1428 546 1461 573 et
1484 542 1609 584 singula
1637 543 1669 573 in
1698 553 1736 573 ea
1760 545 1910 573 contenta
1934 553 2038 573 cassa-

390 605 478 634 mus,
502 595 677 635 irritamus,
702 606 888 626 revocamus
917 606 953 625 ac
979 596 1121 626 totaliter
1145 595 1372 633 annihilamus,
1404 594 1553 635 ipsosque
1582 594 1779 624 restituimus
1802 595 1855 624 inu
1878 594 2039 635 integrum

390 646 431 677 ad
456 647 563 677 omnia
586 647 700 685 bonan,
725 647 971 685 successiones*⁷7
996 647 1182 687 dignitates,
1211 645 1373 684 militiam,
1401 645 1540 676 honores
1564 648 1596 676 et
1620 645 1738 676 famam
1763 645 1896 686 iuraque
1921 645 2038 685 omnia,

389 708 451 738 que
486 698 556 728 aliis
591 697 712 728 civibus
739 698 893 728 Romanis
927 697 993 728 deW
1026 697 1255 728 consuetudine
1287 700 1473 737 competunt
1501 696 1551 727 vel
1588 696 1626 727 de
1655 697 1739 735 iure,
1775 707 1831 727 eos
1860 698 1890 727 in
1919 700 2037 727 statum
2060 712 2084 730 10

388 749 555 789 pristinum
584 749 789 787 reducentes,
819 749 849 779 in
880 759 942 790 quo
972 752 1063 779 crant
1092 759 1149 779 seu
1177 759 1247 779 esse
1271 751 1420 788 poterant
1443 750 1517 778 ante
1542 748 1734 778 sententiam
1762 747 1970 788 prelibatam⁷
1994 749 2040 778 ita

390 800 476 840 quod
504 811 605 841 usque
634 801 664 830 in
693 800 882 830 hodiernum
911 800 996 831 diem
1027 801 1133 831 onmia
1161 800 1231 830 iura
1261 803 1293 830 et
1323 799 1407 830 bona
1435 798 1582 840 predicta
1605 799 1765 840 legitime,
1798 799 1857 830 rite
1886 809 1923 830 ac
1950 803 2039 830 recte

388 851 506 882 fuerint
529 852 665 882 assecuti
689 862 726 882 ac
753 851 792 882 de
816 854 923 882 cetero
946 852 1097 892 consequi
1114 851 1243 881 valeant
1267 861 1338 881 cum
1363 850 1490 890 effectu,
1515 851 1622 881 omnia
1647 854 1679 881 et
1695 851 1820 892 singula
1836 850 2039 891 supradictax

389 903 434 933 eis
464 902 610 933 omnibus
641 906 672 933 et
705 902 837 943 singulis
866 902 1090 933 confirmantes
1121 906 1152 932 et
1176 901 1390 932 concedentes
1415 912 1455 931 ex
1479 902 1696 932 munificentia
1719 902 1860 943 speciali,
1884 902 1930 933 ita
1954 901 2039 942 quod

389 953 427 984 de
458 953 610 993 predictis
639 954 736 993 vitiis,
768 953 900 984 vinculis
929 964 983 984 seu
1013 953 1146 984 maculis
1175 954 1221 984 eis
1249 952 1300 983 vel
1330 963 1440 983 eorum
1469 952 1564 983 alicui
1591 953 1623 983 in
1646 952 1763 983 iudicio
1787 953 1839 984 vel
1863 956 1953 984 extra
1976 964 2039 984 non
2061 968 2084 986 15

388 1005 488 1045 possit
518 1015 575 1045 per
604 1004 743 1045 aliquem
779 1005 840 1035 dici
869 1005 919 1035 vel
949 1006 1054 1045 excipi
1089 1015 1146 1035 seu
1175 1005 1293 1045 opponi
1322 1014 1382 1035 nec
1411 1005 1455 1034 sic
1484 1004 1626 1034 innodati
1655 1004 1818 1035 hominum
1847 1005 1945 1035 etiam
1973 1005 2041 1036 sola

387 1066 466 1086 voce
491 1056 621 1086 valeant
650 1057 836 1096 nuncupari.
867 1057 898 1086 in
927 1056 988 1094 his,
1019 1067 1080 1096 que
1111 1057 1150 1086 dc
1187 1059 1293 1086 cetero
1326 1066 1384 1096 per
1414 1066 1469 1086 eos
1497 1059 1646 1096 agentur,
1674 1059 1826 1097 gerentur
1854 1066 1910 1087 seu
1942 1057 2040 1087 etiam

388 1107 616 1138 contrahentur
644 1107 694 1138 vel
724 1107 870 1138 dicentur
896 1108 1055 1137 narrative
1084 1117 1141 1137 seu
1169 1107 1355 1147 dispositive
1380 1107 1464 1138 inter
1492 1108 1580 1137 vivos
1604 1107 1655 1138 vel
1684 1108 1715 1137 in
1739 1107 1851 1138 ultima
1874 1107 2039 1138 voluntate

387 1158 438 1188 vel
466 1158 620 1189 hactenus
648 1169 776 1199 quoquo
804 1162 950 1198 tempore
979 1169 1079 1199 usque
1110 1159 1141 1187 in
1171 1161 1353 1198 presentem
1378 1157 1461 1188 diem
1487 1162 1573 1196 acta,
1604 1158 1719 1195 dictay.
1749 1162 1926 1198 contracta,
1955 1159 2040 1189 facta

387 1210 505 1240 fuerint
532 1210 598 1240 sive
623 1213 724 1251 gesta,
748 1209 805 1240 sed
829 1209 1055 1240 inviolabiliter
1079 1210 1119 1239 ab
1145 1209 1291 1240 omnibus
1316 1209 1541 1240 observenturz
1566 1209 1711 1250 predicta
1735 1210 2040 1250 condempnationet
2059 1224 2084 1243 20

387 1271 443 1292 seu
467 1262 625 1292 sententia
648 1272 710 1292 non
735 1261 892 1292 obstante.
939 1261 1058 1291 Verum
1084 1262 1158 1301 quia
1182 1261 1381 1291 liberalitas‘*
1404 1262 1588 1302 principalis
1611 1264 1802 1303 perpetuum
1820 1261 1917 1292 debet
1941 1262 2038 1292 susci-

388 1322 464 1352 pere
499 1313 744 1350 incrementum,
785 1312 928 1353 predicto
964 1312 1082 1342 Iacobo
1122 1316 1154 1342 et
1193 1313 1261 1342 eius
1300 1313 1536 1344 successoribus
1571 1316 1728 1354 perpetuo
1763 1324 1872 1344 omnes
1909 1314 2039 1354 g1·atiaS‚

389 1364 633 1403 munificentias,
665 1363 874 1394 liberalitates
904 1375 960 1394 seu
997 1365 1164 1404 privilegia
1198 1375 1387 1405 quecunque
1423 1375 1442 1395 a
1476 1364 1629 1395 Romanis
1662 1364 1858 1405 principibus
1887 1365 1938 1395 vel
1970 1365 2041 1395 aliis

388 1415 510 1446 indulta
539 1418 571 1445 et
605 1425 756 1445 concessa
788 1415 882 1446 alicui
912 1415 951 1445 de
987 1416 1080 1446 domo
1116 1415 1259 1456 predicta
1289 1415 1328 1445 de
1354 1415 1501 1446 Carraria
1532 1418 1564 1446 et
1593 1416 1733 1446 maxime
1766 1416 1934 1457 privilegia
1967 1415 2039 1446 dive

388 1466 619 1497 recordationis
642 1466 773 1496 Heni-ici
799 1469 831 1496 et
854 1466 1028 1497 Fridericib
1052 1466 1269 1497 Romanorum
1295 1468 1537 1507 imperatoruun
1561 1466 1824 1507 predecessorum
1849 1469 2038 1503 nostrorum,
2059 1482 2082 1501 ‘25

388 1528 521 1558 quorum
547 1521 638 1548 tenor
662 1518 734 1548 talis
759 1521 819 1548 est:

494 1576 541 1607 ‘In
568 1577 696 1607 nomine
715 1577 908 1608 —feliciter
931 1577 1047 1609 amen.²
1074 1579 1128 1617 (z
1152 1577 1238 1618 Dipl.
1263 1577 1410 1608 Heinricess
1440 1578 1474 1610 V.
1503 1579 1583 1618 regyis
1607 1579 1699 1609 1114.
1728 1578 1877 1615 1au.23;
1911 1578 2044 1619 Stumpf

388 1628 461 1667 Req.
485 1638 534 1660 nr.
551 1628 651 1665 3102;
675 1629 720 1659 ed.
733 1628 878 1665 Biilzmer,
903 1629 983 1659 Acta
1008 1629 1130 1669 imperti
1152 1629 1261 1659 selecta
1286 1631 1335 1666 72,
1359 1639 1408 1662 nr.
1427 1632 1474 1660 77.

495 1688 578 1719 Item
602 1691 694 1719 tenor
716 1688 875 1729 privilegii
898 1688 1051 1719 Friderici
1076 1689 1235 1736 talislest:

494 1743 541 1774 ‘In
558 1745 686 1774 nomine
699 1763 740 1766 -—
754 1744 830 1774 Idus
848 1744 1017 1775 ()ctubris.³
1035 1748 1088 1781 (z
1104 1744 1190 1783 Dipl.
1205 1745 1364 1775 Friderici
1380 1745 1408 1775 I.
1430 1745 1625 1785 imperatoris
1639 1746 1730 1774 1160.
1755 1744 1817 1776 Oct.
1833 1745 1888 1783 15;
1912 1744 2044 1786 Stumpf
2058 1764 2083 1782 ³0

388 1795 461 1834 Rey.
486 1806 534 1825 nr.
552 1796 656 1829 3900:
680 1796 760 1826 Arfa
783 1806 831 1826 nr.
849 1797 937 1834 484.)

493 1855 575 1886 Item
600 1855 686 1886 aliud
711 1856 911 1896 privilegium
937 1855 1012 1885 dicti
1038 1856 1192 1886 Friderici
1216 1857 1430 1897 iniperat01·iS‚
1455 1858 1542 1888 cuius
1566 1860 1658 1888 tenor
1682 1856 1753 1887 talis
1777 1859 1837 1887 est:

493 1910 686 1941 ‘Fridericus
700 1930 739 1933 —-
753 1910 828 1941 Idus
846 1910 1015 1942 Octobris.³
1032 1913 1085 1949 (Ξ
1104 1911 1363 1952 szl.F1·2'de›-23cd
1380 1913 1407 1943 I.
1427 1913 1622 1953 imperatoris
1640 1913 1731 1943 1184.
1753 1911 1816 1945 Oct.
1831 1913 1887 1950 10,·
1910 1912 2041 1950 Stwnpf

388 1961 460 2001 Rey.
485 1973 533 1993 ur.
551 1963 651 1999 43S7;
674 1962 757 1992 Acta
780 1972 828 1992 nr.
846 1963 935 2001 4915.)

493 2022 575 2052 Item
601 2023 744 2063 sequitur
766 2022 853 2052 aliud
877 2022 1079 2062 privilegium
1105 2023 1258 2053 Friderici
1282 2023 1501 2054 Romanorum
1526 2025 1625 2064 regie,
1651 2024 1737 2054 cuius
1762 2027 1853 2054 tenor
1876 2024 1948 2054 talis
1972 2027 2034 2055 est:
2055 2043 2079 2061 35

492 2077 686 2108 ‘Fridericus
705 2096 746 2099 —
763 2087 845 2107 anuo
859 2076 928 2107 VI?
951 2080 1004 2116 (z
1024 2077 1110 2118 Diffi.
1129 2078 1288 2109 Friderici
1305 2079 1374 2110 III.
1392 2079 1474 2118 νᾶφε
1498 2079 1589 2109 13:20.
1608 2078 1700 2110 Febr.
1717 2080 1774 2116 26;
1802 2078 2034 2116 Winlv-elmmm,

391 2130 471 2159 Acta
494 2128 517 2158 Ι
536 2153 542 2165 ,
559 2128 622 2158 276
644 2139 693 2160 nr.
710 2129 799 2167 435.)

386 2188 548 2228 predictoc
573 2188 735 2228 magnifici
768 2188 877 2219 Iacchi
910 2189 1096 2228 privilegi&
1121 2186 1345 2220 confirmamus
1376 2201 1416 2221 ex
1447 2194 1534 2221 certa
1557 2190 1690 2220 scientia
1715 2190 1821 2220 omnia
1850 2193 1882 2220 et
1911 2190 2036 2231 singula

386 2241 417 2269 in
442 2240 487 2270 eis
511 2242 661 2270 contenta
691 2239 897 2270 innovantesd
922 2250 959 2270 ac
989 2240 1028 2270 de
1060 2251 1141 2270 novo
1174 2241 1219 2271 eis
1252 2244 1284 2271 et
1307 2252 1417 2272 eorum
1442 2241 1573 2272 cuilibet
1601 2252 1642 2272 ex
1666 2245 1753 2272 certa
1777 2242 1923 2278 scientia,
1957 2252 2034 2282 qua-

386 2294 497 2321 tenus⁰
527 2301 636 2321 eorum
662 2291 794 2321 interest
818 2301 873 2321 seu
898 2291 1051 2321 interesse
1077 2295 1195 2331 posset,
1220 2292 1398 2323 liberaliter
1421 2293 1633 2333 indulgentes,
1659 2304 1716 2333 pro
1745 2303 1778 2323 se
1807 2303 1844 2323 ac
1868 2303 1978 2323 eorum
2002 2293 2033 2322 in
2053 2307 2080 2325 40

387 2345 576 2382 perpetuum
603 2342 838 2372 suecessoribus
862 2342 1004 2382 plenarie
1030 2342 1243 2373 concedentes
1268 2354 1394 2374 omnem
1419 2344 1679 2382 iurisdictionem,
1704 2354 1827 2374 merum
1852 2347 1884 2374 et
1899 2345 2034 2374 mixtum

388 2394 554 2432 imperium
581 2397 612 2423 et
636 2393 735 2434 gladii
759 2396 952 2433 potestatem
977 2403 1048 2423 cuin
1074 2403 1183 2423 eorum
1202 2395 1392 2425 executione
1417 2395 1536 2426 verbali
1561 2405 1598 2425 ac
1622 2395 1700 2425 reali
1724 2396 1754 2425 in
1779 2395 1871 2425 terris
1888 2394 2034 2425 Cam-arie

487 2498 553 2524 (500.
582 2501 602 2531 r)
623 2501 785 2524 benesficium
810 2500 839 2524 Γ.
930 2500 950 2530 S)
971 2501 1060 2524 iccirco
1086 2500 1112 2523 V.
1205 2501 1224 2527 t)
1244 2502 1395 2525 condemna>
1420 2502 1448 2526 Γ.
1538 2504 1563 2532 ¹¹)
1583 2503 1613 2526 ad
1632 2511 1654 2527 ο,
1669 2503 1692 2526 b.
1707 2503 1732 2526 in
1746 2503 1790 2526 int.
1810 2502 1836 2526 V.
1920 2502 1944 2531 v)
1963 2510 2033 2525 sanc-

387 2542 468 2565 tiones
495 2542 521 2566 l'.
640 2544 668 2567 w)
688 2552 733 2567 seu
752 2544 866 2567 Romana
892 2542 919 2566 1⁷.
1036 2545 1061 2570 x)
1081 2546 1106 2566 et
1127 2543 1257 2573 praecedit
1276 2544 1300 2567 in
1326 2544 1353 2568 Γ,
1477 2545 1501 2574 y)
1521 2545 1581 2568 data
1607 2544 1632 2569 V.
1756 2544 1777 2573 Ζ)
1797 2548 1981 2569 conserventur
2006 2543 2031 2567 V.

386 2587 409 2613 Β)
430 2584 592 2608 liberalitatis
619 2585 645 2609 Γ.
769 2584 792 2615 1))
817 2586 929 2609 Foderici
956 2585 1011 2608 VJI.
1136 2589 1158 2614 ε)
1184 2586 1294 2617 pred*
1312 2587 1374 2617 priv.
1395 2587 1429 2610 sic
1455 2587 1485 2613 13-
1509 2588 1599 2611 desunt
1618 2587 1654 2611 ΙΙΙ,
1779 2586 1802 2617 kl)
1826 2588 1979 2611 innovamus
2005 2586 2031 2610 V.
2051 2593 2076 2611 45

387 2628 409 2655 θ)
430 2627 577 2657 quathenus
604 2627 634 2652 I':
654 2632 777 2659 quantuni
799 2628 834 2652 ill,

492 2711 514 2739 1)
543 2710 582 2742 (J'f.
603 2711 679 2736 etiam
700 2712 887 2737 revocationem
902 2720 1038 2744 processus
1060 2712 1187 2737 Heinrisi
1212 2713 1376 2744 ungam-tutoris
1397 2714 1540 2746 Jfluwrsdae'm
1565 2723 1581 2739 (ι
1601 2714 1629 2739 F
1630 2712 1742 2740 riderico
1762 2713 1821 2739 111.
1847 2721 1902 2746 reyc
1922 2723 1946 2740 a.
1962 2716 2031 2739 1320.

385 2759 533 2777 concessam
551 2761 634 2785 snpra
655 2756 711 2778 tam.
734 2755 757 2779 V
772 2763 813 2780 rnr.
829 2758 885 2780 5159,
