2189 2984
131 743 155 761 10

130 1004 152 1022 15

130 1259 155 1278 20

127 1519 151 1538 25

127 1778 151 1796 ³0

127 2037 150 2055 35

127 2293 152 2311 40

126 2547 152 2566 45

641 189 737 216 ACTA
755 189 868 215 REGNI
888 188 1024 214 KAROLI
1044 188 1090 214 IV.
1128 187 1203 214 1347.
1239 187 1287 213 Nr.
1301 188 1359 214 277.
1763 194 1820 222 3531

174 278 355 306 nostrorum
379 286 480 316 nuper
508 276 667 306 maiestati
690 279 797 306 nostre
826 274 935 305 oblata
957 274 1073 315 peticio
1097 273 1296 312 continebat⁷
1322 274 1407 314 quod
1435 275 1618 316 privilegia,
1650 275 1824 316 libertates,

175 327 393 357 immunitates
422 329 454 357 et
483 327 601 368 gratias
630 327 707 366 ipsis
737 336 755 356 a
787 325 958 356 recolende
992 325 1147 356 memorie
1181 325 1261 355 divis
1296 325 1576 365 predecessoribus
1611 329 1725 358 nostris
1760 332 1825 359 tam

175 377 423 418 imperatoribus
447 387 543 418 quam
559 376 807 417 Roman(orum)
831 376 960 417 regibus
985 376 1103 407 dudum
1133 376 1274 406 indultas
1297 376 1488 417 approbare,
1511 378 1670 409 ratificare
1695 382 1727 409 et
1750 390 1825 410 con-

174 429 301 460 firmare
333 428 373 459 de
406 428 602 469 benignitate
635 428 725 468 regia
759 427 973 468 dignaremur.
1030 427 1097 457 Nos
1133 428 1229 468 igitur
1258 427 1474 467 predictorum
1504 429 1619 459 civium
1648 429 1827 461 devotionis

175 480 352 510 constantia
376 482 409 510 et
431 479 506 510 fidei
530 480 683 520 puritate,
715 489 811 519 quam
835 478 876 509 ad
900 489 957 508 nos
982 481 1014 508 et
1037 488 1162 508 sacrum
1186 478 1355 519 imperium
1380 479 1530 510 habuisse
1555 484 1586 510 et
1609 481 1728 511 habere
1752 492 1824 511 nos-

175 535 297 570 cuntur,
321 531 492 571 diligenter
515 531 659 571 inspecta
682 530 818 561 libenter
840 530 982 570 ipsorum
1007 534 1081 560 vota
1104 529 1302 560 admittimus
1331 534 1363 561 et
1392 536 1557 571 porrectas
1585 531 1676 562 nobis
1704 533 1826 573 suppli-

174 583 317 614 cationes
340 582 514 622 graciosius
538 581 740 612 exaudimus:

271 638 306 669 (1)
321 636 446 663 Gratiam
460 636 528 670 ipsis
541 645 558 662 a
571 636 642 662 divis
656 636 863 668 Romamorum)
878 635 1092 670 imperatoribus
1106 638 1134 662 et
1147 635 1266 669 regibus,
1282 636 1522 669 predecessoribus
1536 637 1645 667 nostris,
1660 646 1826 668 concessam,

173 687 311 714 indultam
330 690 358 714 et
371 688 560 714 confirmatam
573 696 605 713 ac
624 695 656 712 ex
676 687 795 720 longeva
814 688 842 713 et
861 687 1022 714 rationabili
1036 687 1235 714 consuetudine
1255 688 1440 719 observatam,
1460 697 1493 714 ne
1507 697 1523 714 a
1536 689 1684 715 sententiis
1698 689 1821 715 iudicum

173 747 268 765 eorum
280 739 496 765 interlocutoriis
510 738 554 764 vel
567 738 725 764 diffinitivis
738 738 813 764 intra
832 747 922 764 muros
941 738 1066 764 civitatis
1086 738 1297 772 Ratispouensis
1319 739 1359 764 ius
1379 739 1553 765 reddentium
1573 740 1625 765 nisi
1645 740 1679 766 ad
1700 740 1823 774 ipsorum

175 790 366 817 consistorium
385 789 413 816 in
427 789 529 816 iudicio
545 790 587 816 vel
601 792 698 817 extra*
712 790 874 823 aliqualiter
892 790 1059 824 appelletur,
1079 799 1163 823 quam
1177 791 1313 823 quidem
1326 791 1449 823 gratiam
1465 800 1514 817 nec
1530 800 1582 817 non
1599 792 1825 818 consuetudinem

174 843 360 877 approbatam
384 843 604 869 conservandam
632 843 747 869 inantea
775 839 852 879 ipsis
880 842 912 869 et
939 849 1051 869 eorum
1079 839 1198 869 civitati
1228 843 1420 869 auctoritate*
1444 839 1534 879 regia
1561 845 1765 875 confirmamus,
1795 845 1824 872 in

174 895 283 920 tautum
304 893 404 925 etiam,
429 893 502 926 quod
527 893 615 919 omnis
635 893 737 919 abinde
757 893 923 927 interposita
942 902 989 919 seu
1010 894 1084 920 facta
1103 894 1262 927 appellaeio
1282 894 1343 927 ipso
1363 895 1437 919 tacto
1463 894 1555 925 nulla,
1575 895 1750 921 frustratoria
1770 896 1826 921 sit’⁵

174 948 203 973 et
221 946 318 972 inanis.

277 1000 314 1030 (2)
332 998 422 1024 Item*
439 998 562 1024 volumus
575 999 603 1023 et
619 1006 745 1030 expresse
765 997 834 1030 ipsis
847 996 1030 1027 concedimus,
1051 1004 1083 1021 ne
1097 996 1231 1022 delictum
1245 996 1289 1022 vel
1303 996 1408 1022 delicta
1422 996 1570 1030 singularis
1587 997 1627 1022 rel
1642 997 1826 1031 singularium

171 1058 349 1083 personarum
363 1048 390 1074 iu
404 1049 554 1082 dampnum
573 1049 703 1082 generale
722 1048 912 1074 universitatis
932 1048 1068 1074 dictorum
1088 1047 1191 1073 civium
1205 1047 1307 1073 debeat
1320 1048 1482 1080 retorqueri,
1495 1048 1543 1074 sed
1563 1051 1594 1074 ut
1607 1048 1695 1074 omnis
1710 1050 1823 1075 forensis

171 1109 217 1127 seu
237 1102 383 1127 extraneus
406 1102 484 1126 extra
503 1108 593 1126 muros
613 1099 745 1130 civitatis,
766 1100 953 1133 cuiuscunque
972 1099 1009 1125 sit
1030 1100 1071 1126 vel
1092 1099 1175 1125 suerit
1194 1099 1375 1129 conditionis,
1401 1099 1443 1125 cui
1464 1100 1539 1126 actio
1560 1101 1602 1126 vel
1617 1101 1726 1133 questio
1740 1102 1822 1128 realis

173 1152 215 1178 vel
238 1151 391 1185 personalis
415 1154 557 1185 competat
582 1160 629 1178 seu
653 1154 810 1185 competere
830 1152 918 1185 possit
942 1154 1038 1178 contra
1062 1160 1263 1184 quemcumque
1289 1151 1487 1184 cuiuscumque
1511 1151 1697 1178 conditionis*
1722 1153 1824 1179 civium

172 1202 298 1229 civitatis
318 1203 454 1236 predicte,
479 1203 612 1229 iudicium
632 1206 659 1229 et
680 1212 794 1229 examen
814 1205 913 1236 querat
937 1206 964 1229 et
984 1204 1084 1229 subeat
1103 1202 1225 1228 indicum
1245 1202 1376 1233 civitatis,
1397 1212 1446 1228 nec
1466 1205 1530 1229 alite
1550 1205 1751 1237 attemptatam
1770 1214 1826 1231 seu

174 1254 312 1287 quesitam
331 1254 434 1280 ibidem
454 1255 594 1281 iusticiam
621 1255 739 1281 eundem
762 1264 811 1281 nec
835 1255 989 1288 quemlibet
1014 1264 1060 1281 seu
1085 1255 1225 1288 quoslibet
1251 1255 1337 1280 alium
1361 1255 1404 1280 vel
1434 1254 1504 1280 alios
1530 1255 1558 1280 in
1584 1256 1720 1288 personis,
1747 1257 1827 1282 rebus

172 1306 321 1332 mobilibus
341 1307 383 1332 vel
403 1306 591 1333 immobilibus
610 1306 771 1340 aliqualiter
790 1310 906 1340 agravet
921 1307 963 1332 vel
984 1307 1136 1340 perturbet,
1156 1306 1275 1332 maxime
1295 1315 1355 1331 cum
1376 1306 1443 1332 dieti
1465 1307 1538 1333 cives
1552 1306 1723 1339 quibuslibet
1743 1307 1776 1333 de
1800 1316 1827 1333 se

173 1357 405 1390 conquerentibus
425 1358 517 1391 parati
536 1358 591 1384 sint
611 1360 639 1384 et
658 1367 716 1384 esse
736 1357 825 1384 velint
844 1358 934 1384 facere
955 1357 1064 1384 iusticie
1085 1358 1328 1391 complementum.

280 1410 320 1442 (3)
344 1405 427 1437 Item
451 1412 482 1436 ut
506 1411 668 1437 memoratis
693 1411 800 1437 civibus
825 1413 945 1437 nostre
969 1411 1150 1437 liberalitatis
1168 1410 1303 1436 beneficia
1319 1410 1473 1443 gratiosius
1491 1411 1680 1439 ostendamus,
1703 1411 1825 1445 gratiam

172 1461 211 1488 eis
241 1470 258 1488 a
286 1462 553 1495 predecessoribus
584 1462 688 1489 nostris
720 1457 870 1498 predictis
903 1468 1087 1488 concessam
1117 1457 1285 1495 videlieet,
1319 1464 1350 1488 nt
1380 1463 1415 1488 ad
1448 1463 1555 1488 nullum
1584 1463 1718 1489 indicium
1746 1464 1827 1489 extra

171 1513 316 1540 civitatem
340 1522 418 1540 suam
442 1522 617 1547 quacumque
642 1514 788 1540 occasione
812 1509 863 1540 vel
888 1520 983 1540 eausa
1007 1514 1082 1539 trahi
1099 1514 1213 1540 valeant
1238 1514 1280 1539 vel
1307 1514 1410 1545 vocari,
1437 1510 1663 1550 approbamus,
1688 1510 1826 1541 ratifica-

171 1571 241 1591 mus
264 1564 296 1591 et
319 1561 417 1591 etiam
441 1566 643 1597 confirmamus,
669 1566 795 1592 volentes
820 1564 852 1591 et
876 1561 972 1591 etiam
990 1560 1210 1599 decernentes,
1235 1568 1267 1591 ut
1290 1566 1382 1591 nullus
1408 1565 1597 1599 predictorum
1623 1566 1724 1592 civium
1749 1566 1824 1592 dein-

171 1625 235 1650 ceps
259 1617 294 1642 ad
318 1617 477 1643 cuiusvis
501 1617 670 1643 instanciam
695 1617 908 1651 proscriptionis
932 1617 1074 1643 sententia
1092 1617 1186 1643 valeat
1202 1617 1340 1643 innodari.
1388 1618 1576 1644 Decernentes
1596 1614 1691 1643 eiiam
1717 1626 1826 1644 exnunc

169 1668 280 1694 irritum
304 1670 333 1694 et
356 1669 447 1697 inane,
471 1669 605 1702 quiequid
628 1671 727 1695 contra
750 1669 1063 1696 confirmationem
1092 1672 1121 1695 et
1150 1669 1369 1695 declarationem
1394 1670 1505 1694 nostras
1535 1669 1693 1694 huiusmodi
1718 1678 1734 1695 a
1758 1678 1824 1702 qno-

170 1729 254 1753 quam
277 1722 479 1753 attemptatum
504 1715 609 1746 forsan
633 1723 675 1747 est
699 1716 853 1747 haetenus
878 1721 921 1747 rel
945 1720 1128 1754 imposterum
1153 1721 1289 1753 contige
1299 1721 1344 1746 rit
1367 1720 1541 1754 attemptari.

277 1772 322 1805 (4)
348 1767 430 1798 Item
455 1774 486 1798 ut
503 1781 569 1805 erga
585 1772 659 1799 cives
676 1773 815 1798 eosdem
839 1773 942 1798 lacius
967 1769 1085 1809 regalis
1102 1773 1252 1799 clementia
1269 1772 1491 1804 illuscescat,
1516 1772 1637 1805 gratiam
1657 1772 1695 1798 eis
1720 1781 1735 1798 a
1754 1778 1826 1807 pre-

171 1818 245 1849 fatis
275 1823 517 1857 predecessoribus
546 1824 649 1850 nostris
679 1832 852 1853 concessam,
884 1824 1015 1850 videlicet
1043 1824 1117 1857 quod
1146 1833 1196 1850 nec
1229 1833 1279 1858 pro
1303 1824 1487 1857 imperatore,
1518 1833 1596 1857 rege.
1630 1819 1824 1857 marchione,

171 1866 263 1909 <lucei
287 1871 413 1907 comite,
438 1871 678 1911 archiepiscopo
702 1871 752 1901 vel
772 1875 903 1909 episcopo
928 1881 983 1901 scu
1001 1881 1203 1911 quocumque
1228 1871 1301 1908 alio,
1327 1871 1555 1911 cuiuscumque
1573 1874 1683 1905 status,
1707 1870 1824 1911 gradus

171 1922 221 1953 vel
246 1922 440 1953 condicionis
464 1923 596 1957 existat,
626 1927 673 1953 sed
704 1929 815 1953 tantum
847 1936 897 1960 pro
926 1927 982 1952 suis
1013 1927 1132 1958 civibus,
1166 1927 1189 1952 si
1224 1926 1366 1953 actoribus
1399 1927 1442 1952 vel
1473 1926 1702 1960 meliorator-ibus
1730 1935 1823 1952 coram

170 1978 261 2004 iudice
284 1977 408 2004 civitatis
432 1978 646 2012 Ratisponensis
670 1979 794 2012 predicte
818 1978 967 2012 agentibus
991 1978 1123 2004 iudicium
1152 1980 1181 2004 et
1208 1978 1322 2004 iusticia
1344 1978 1429 2004 fuerit
1453 1978 1607 2012 denegata,
1640 1977 1823 2011 impignorari

171 2035 228 2056 seu
252 2026 399 2056 arrestari
424 2029 533 2063 possint
556 2031 605 2056 aut
628 2030 758 2062 debeant,
783 2030 817 2056 ad
842 2030 931 2056 instar
947 2030 1009 2056 dive
1026 2030 1230 2056 recordationis
1254 2030 1395 2063 quondam
1412 2030 1521 2056 Alberti
1538 2030 1725 2055 Romanorum
1751 2030 1824 2063 regis

171 2083 199 2107 et
222 2081 336 2107 Henrici
358 2081 547 2107 Romanorum
563 2081 742 2115 imperatoris
752 2077 771 2112 ¹,

796 2082 1023 2115 predecessorum
1050 2083 1219 2111 nostrorum,
1248 2082 1281 2108 dc
1306 2081 1483 2115 benignitate
1508 2078 1597 2117 regia
1620 2081 1688 2114 ipsis
1713 2081 1821 2107 civibus

171 2133 366 2158 confirmamus
399 2135 428 2159 et
455 2141 488 2158 ex
520 2133 781 2166 superhabundanti
811 2134 905 2167 gratia
932 2133 1132 2160 innovamuff.
1163 2133 1301 2159 universis
1333 2135 1361 2159 et
1396 2133 1514 2167 singulis
1548 2133 1660 2166 imperii
1696 2132 1822 2158 fidelibus

170 2183 325 2210 districtius
348 2184 517 2215 inhibentes,
541 2193 575 2210 ne
599 2185 662 2218 quis
685 2185 760 2218 ipsos
778 2181 862 2211 cives
887 2187 985 2211 contra
1008 2185 1169 2211 huiusmodi
1193 2185 1413 2211 confirmationis
1438 2187 1467 2210 et
1494 2180 1705 2210 innovationis
1728 2186 1823 2210 nostre

170 2237 305 2267 tenorem,
330 2235 402 2261 sicut
425 2243 539 2269 gravem
562 2236 720 2262 maiestatis
743 2239 839 2263 nostre
862 2237 1147 2270 indignationem
1167 2237 1274 2263 evitare
1293 2236 1420 2267 voluerit,
1450 2232 1630 2272 pignorare,
1655 2234 1823 2271 {ii-restare,

171 2281 322 2313 invadere
347 2285 402 2312 aut
424 2287 453 2312 in
477 2287 572 2320 aliquo
595 2288 699 2314 audeat
722 2289 880 2314 molestare.

276 2336 317 2371 (5)
346 2333 428 2364 Item
457 2334 602 2364 volumus
631 2338 662 2365 et
690 2345 841 2375 expresse
872 2335 949 2375 ipsis
973 2334 1191 2374 concedimus,
1215 2348 1250 2365 ne
1278 2339 1352 2372 quis,
1382 2339 1579 2371 cuiuscumque
1609 2338 1820 2371 preeniinentie,

167 2388 345 2420 conditionis,
369 2384 496 2425 gradus,
521 2390 607 2416 officii
631 2391 674 2417 vel
695 2390 795 2417 status
819 2391 963 2422 existat,
988 2400 1031 2417 res
1055 2397 1112 2416 seu
1137 2386 1220 2416 bona
1244 2391 1382 2416 dictorum
1408 2390 1511 2416 civium
1535 2390 1685 2422 naufragas
1710 2389 1764 2415 vel
1788 2389 1822 2414 de

167 2440 296 2467 incendio
326 2449 375 2467 seu
403 2441 485 2467 ruina
512 2450 609 2468 evasas
640 2442 693 2468 sibi
717 2443 875 2472 attrahere,
904 2443 1087 2476 appropriare
1112 2443 1155 2468 vel
1181 2450 1315 2475 usurpare
1340 2443 1497 2475 presumat.
1534 2441 1637 2467 audeat
1661 2440 1704 2466 vel
1729 2440 1823 2466 valeat

168 2492 373 2525 quoquomodo,
398 2494 483 2525 prout
504 2492 620 2519 infamie
643 2496 778 2527 perpetue
802 2496 899 2523 notam
923 2496 951 2520 et
979 2489 1097 2530 regalis
1127 2493 1341 2527 proscriptionis
1371 2501 1531 2518 mucronem
1561 2491 1681 2517 voluerit
1705 2491 1820 2517 evitare.

279 2541 324 2576 (6)
353 2538 435 2569 Item
464 2544 642 2576 affectantes,
674 2547 758 2578 prout
789 2554 822 2571 ex
850 2545 977 2571 iniuncto
1007 2545 1088 2571 nobis
1117 2547 1246 2571 tenemur
1276 2544 1415 2576 [officiost
1446 2544 1569 2577 ipsorum
1598 2543 1700 2569 civium
1735 2542 1822 2568 veluti

171 2593 282 2628 imperii
309 2594 429 2621 fidelium
461 2595 564 2628 quietis
594 2596 741 2622 comodum
768 2605 919 2630 preparare
946 2596 1124 2630 indulgemus
1153 2597 1182 2622 et
1216 2595 1395 2622 concedimus
1432 2595 1550 2625 eisdem,
1586 2596 1617 2620 ut
1651 2593 1821 2619 auctoritate

169 2646 266 2671 nostra
288 2642 377 2682 regia
400 2646 560 2673 turbatores
583 2647 660 2681 pacis
690 2650 719 2673 et
742 2656 855 2674 omnes
879 2647 1052 2674 facinorosos
1080 2647 1108 2672 in
1132 2647 1248 2673 civitate
1281 2646 1482 2680 Ratisponensi
1511 2641 1656 2681 predicta
1685 2647 1713 2670 et
1743 2645 1822 2669 extra

272 2733 336 2761 277.
364 2736 387 2766 ιὶ)
409 2736 476 2760 deest
494 2745 531 2761 or.

273 2802 299 2833 1)
320 2801 360 2833 C'f.
381 2802 502 2835 Βϋῖιηιεν,
523 2803 662 2836 ‘Reyesten
681 2805 851 2831 1246—1313’
866 2813 896 2837 p.
910 2808 960 2831 203
978 2812 1020 2830 nr.
1034 2807 1067 2830 50
1085 2806 1107 2829 ct
1124 2812 1151 2836 11·
1166 2807 1215 2829 264
1233 2807 1341 2829 2122114.
