2189 2984
154 570 223 602 665.

154 621 223 653 666.

154 673 223 704 667.

153 724 223 756 668.

153 827 222 859 669.

153 878 221 910 670.

153 930 221 962 671.

152 1032 221 1064 672.

150 1394 218 1426 676.

151 1497 220 1529 677.

150 1549 219 1580 678.

150 1600 219 1632 679.

150 1652 219 1684 680.

150 1858 248 1889 682-

904 154 1063 182 INDEX.
1694 156 1798 183 XXVll

1693 230 1741 250 paz-

357 262 426 294 662.
448 259 589 292 Litterae
609 258 843 292 infeudationis.
888 261 958 292 Oct.
972 262 990 292 2
995 285 1593 293 ................
1691 263 1749 294 667

448 312 486 343 A.
514 311 629 342 Forma
657 311 768 342 maior.
818 312 888 343 Oct..
909 314 927 344 2
931 336 1592 345 .................
1691 315 1749 345 667

448 363 484 393 B.
514 362 629 392 Forma
658 361 767 393 minor.
818 363 888 394 Oet.
909 364 927 394 2
933 387 1595 395 .................
1692 365 1750 397 667

357 414 425 447 663.
449 412 677 445 Testimonium
699 413 737 445 de
758 413 976 446 infeudatione
997 415 1166 446 eventuali.
1210 416 1280 447 Oet.
1293 415 1312 446 2
1317 438 1596 446 ........
1693 417 1751 447 669

356 467 425 499 664.
448 465 638 497 Mandatum
656 465 735 506 regis
753 465 795 496 ad
814 465 972 497 subiectos
991 466 1029 497 de
1048 466 1194 506 homagio
1214 465 1373 497 eventuali
1392 465 1592 506 praestando.

558 517 628 548 Oct.
644 519 690 549 11.
741 541 1592 550 ......................
1689 519 1749 550 670

256 569 416 610 Scriptum
437 568 476 599 de
496 567 621 599 Iudaeis
641 568 673 598 in
693 567 820 599 sedibus
840 567 944 600 liberis
964 579 1027 600 non
1048 568 1233 600 iudicandis.
1276 568 1362 601 1348.
1405 568 1474 600 Oct.
1496 569 1525 600 5.
1546 593 1552 600 .
1586 594 1592 600 .
1691 570 1747 601 671

254 619 437 652 Commissio
459 618 693 650 infeudationis.
738 620 825 652 1348.
869 621 939 652 Oct.
955 623 988 653 11
996 644 1591 652 ................
1689 621 1747 652 672

255 670 422 703 Promissio
436 671 553 702 ducum
566 671 770 702 pomeraniae
783 671 941 703 iuniorum
954 671 1108 703 defendis
1121 671 1315 713 recipiendis.
1344 671 1431 703 1348.
1458 671 1527 702 Oct.
1544 672 1591 703 14.
1691 672 1749 703 673

254 722 421 754 Promissio
443 722 568 754 comitis
590 722 629 754 de
651 722 848 764 Wirtenberg
874 734 930 765 pro
957 723 1089 755 civitate
1112 723 1329 754 Donauw‘orth
1356 721 1397 753 ad
1426 721 1592 763 imperium

555 778 690 815 recepta.
734 774 821 807 1348.
866 776 935 807 Oct.
951 776 988 808 16
993 799 1590 807 ................
1687 775 1745 807 674

253 826 442 857 Mandatum
456 825 494 857 de
508 836 585 866 pace
598 830 700 857 terrae
713 825 745 857 in
761 826 897 858 Saxonia
912 826 1144 858 constituenda.
1174 826 1261 859 1348.
1290 826 1360 858 Oet.
1377 825 1423 858 18.
1463 850 1470 856 .
1503 850 1510 856 .
1544 850 1551 857 .
1584 851 1590 857 .
1688 826 1746 858 674

253 877 445 909 Protestatio
467 876 608 908 civitatis
631 877 752 909 Guben.
798 878 884 910 1348.
928 879 997 910 Oet.
1013 879 1051 910 18
1055 901 1590 910 ..............
1687 878 1745 910 675

253 929 394 960 Litterae
424 929 542 960 alterae
573 928 652 969 regis
684 928 723 960 de
755 929 956 970 expeditione
987 929 1019 960 in
1051 929 1224 961 marchiam
1256 928 1591 968 Brandenburgensem

555 980 649 1012 facta.
694 981 780 1013 1348.
825 981 894 1013 Oct.
911 982 948 1013 25
954 1004 1591 1013 .................
1691 980 1749 1012 676

252 1031 393 1063 Litterae
416 1042 519 1073 papae
544 1031 583 1062 de
608 1031 693 1063 facto
719 1032 910 1064 Waldemari
934 1032 1256 1074 pseudomarchionis.
1309 1031 1396 1065 1348.
1447 1032 1517 1063 Oct.
1543 1031 1592 1064 27.
1692 1032 1750 1063 677

152 1084 322 1116 673-675,
355 1083 479 1125 Scripta
493 1083 526 1114 in
539 1083 681 1115 favorem
694 1084 884 1116 marchionis
896 1084 1061 1115 Misnensis
1075 1084 1160 1115 data.
1190 1084 1277 1117 1348.
1305 1084 1375 1115 Oct.
1390 1083 1438 1115 31.
1467 1082 1495 1113 N
1498 1093 1549 1114 ov.
1567 1085 1593 1115 1.
1641 1083 1801 1116 678—-679

253 1135 321 1168 673.
353 1134 492 1166 Donatio
514 1135 627 1166 domus
648 1135 680 1166 in
701 1135 833 1167 civitate
855 1136 1012 1176 Pragensi.
1057 1137 1126 1168 Oct.
1141 1136 1176 1168 31
1184 1159 1592 1167 ...........
1692 1135 1752 1166 678

252 1188 321 1220 674.
352 1188 421 1219 675.
444 1186 595 1218 Mandata
618 1197 674 1228 pro
696 1198 774 1228 pace
795 1187 1040 1219 manutenenda.
1085 1188 1154 1219 Oct.
1168 1188 1217 1220 31.
1241 1187 1322 1218 Nov.
1338 1189 1364 1219 1.
1424 1211 1431 1218 .
1545 1211 1552 1218 .
1585 1211 1592 1217 .
1643 1186 1803 1218 678—-679

351 1239 420 1271 674.
444 1238 644 1279 Exemplaria
677 1239 829 1280 episcopis
860 1239 1084 1280 Bambergensi
1115 1243 1147 1270 et
1178 1237 1398 1280 Herbipolensi
1428 1237 1588 1279 inscripta.

553 1291 621 1321 Oct.
636 1291 684 1323 31.
738 1314 1586 1323 ......................
1683 1289 1743 1321 678

351 1342 419 1373 675.
442 1341 613 1383 Exemplar
633 1342 757 1373 civitati
779 1342 956 1374 Erfurtensi
977 1341 1172 1383 inscriptum.
1217 1341 1297 1373 Nov.
1314 1344 1340 1374 1.
1379 1366 1386 1373 .
1419 1366 1426 1373 .
1459 1366 1466 1373 .
1685 1341 1744 1373 679

249 1392 353 1424 Cessio
370 1392 485 1424 iurium
501 1393 624 1435 imperii
640 1394 672 1424 in
687 1393 820 1426 civitate
836 1392 1040 1426 Avinionensi
1056 1393 1239 1426 habitorum
1253 1403 1356 1434 papae
1372 1392 1467 1424 facta.
1501 1392 1589 1426 1348.

553 1445 633 1476 Nov.
651 1448 660 1478 1
671 1468 1588 1478 ........................
1710 1444 1748 1475 79

251 1495 420 1528 Clementis
434 1497 487 1527 VI.
504 1496 628 1528 litterae
641 1497 929 1529 commendatoriae
943 1508 998 1538 pro
1014 1496 1112 1528 electo
1126 1496 1320 1528 Tridentino
1349 1496 1436 1529 1348.
1464 1495 1545 1527 Nov.
1562 1497 1588 1528 1.
1689 1495 1746 1527 681

252 1547 413 1589 Scriptum
432 1548 658 1589 archiepiscopi
680 1548 871 1580 coloniensis
892 1549 931 1579 de
952 1559 1029 1590 pace
1051 1552 1161 1580 terrae.
1206 1548 1293 1581 1348.
1336 1547 1417 1578 Nov.
1431 1548 1459 1579 6.
1501 1572 1508 1579 .
1541 1572 1548 1579 .
1687 1547 1743 1579 681

252 1599 415 1631 Sententia
438 1599 544 1630 iudicii
565 1599 669 1631 curiae
690 1600 723 1631 in
745 1599 905 1631 Rottweil.
952 1600 1036 1632 1348.
1081 1600 1161 1631 Nov.
1178 1600 1215 1632 18
1219 1623 1589 1631 ..........
1688 1598 1747 1630 687

249 1652 318 1684 681.
349 1651 517 1683 Tractatus
536 1651 615 1692 regis
634 1662 707 1683 cum
726 1662 796 1692 rege
814 1651 962 1683 Poloniae
982 1656 1011 1683 et
1033 1651 1112 1683 duce
1133 1651 1329 1682 Sx'idnicensi
1348 1650 1459 1682 habiti.
1500 1650 1586 1683 1348.

553 1703 634 1734 Nov.
648 1704 696 1735 22.
710 1704 748 1736 25
753 1727 1589 1736 ......................
1639 1701 1799 1733 688-689

250 1755 320 1787 680.
352 1754 492 1786 Litterae
513 1754 592 1795 regis
614 1754 770 1786 Poloniae.
814 1755 896 1786 Nov.
910 1755 948 1787 22
953 1778 1589 1786 .................
1688 1753 1747 1784 688

251 1807 320 1839 681.
352 1805 492 1838 Litterae
513 1806 601 1837 ducis
624 1806 846 1838 Svidnicensis.
890 1806 1022 1838 Nov.‘25
1028 1830 1589 1838 ...............
1688 1803 1746 1835 689

251 1858 320 1890 688.
352 1857 432 1888 Acta
455 1857 750 1899 Wittenbergensia.
795 1858 883 1891 1348.
926 1857 1104 1890 Dec.1.—4
1110 1881 1591 1889 .............
1639 1855 1798 1887 689-694

249 1909 318 1941 682.
350 1909 501 1950 Receptio
523 1909 555 1940 in
576 1909 804 1950 protectionem
826 1909 957 1951 imperii.
1001 1908 1075 1940 Dec.
1090 1912 1105 1942 1
1112 1933 1592 1940 .............
1688 1907 1747 1938 689

250 1961 319 1993 683.
352 1960 534 1992 Infeudatio
550 1961 589 1992 de
602 1965 686 1992 terra
701 1961 850 1993 Lusatiae
864 1960 928 2001 regi
941 1961 982 1991 ab
996 1959 1233 2002 archiepiscopo
1247 1958 1507 2000 Magdeburgensi
1522 1969 1592 1989 con-

553 2023 648 2044 cessa..
692 2013 767 2044 Dec.
781 2014 799 2045 2
804 2035 1592 2044 ....................
1691 2009 1751 2041 690

249 2065 319 2096 684.
350 2063 515 2095 Concessio
525 2063 693 2096 feudorum
703 2064 826 2106 imperii
836 2064 982 2105 episcopo
993 2062 1241 2104 Merseburgensi
1250 2062 1346 2094 facta..
1379 2063 1492 2094 Dec.3.
1547 2087 1553 2093 .
1587 2086 1593 2092 .
1690 2060 1747 2093 691

250 2116 320 2148 685.
352 2114 498 2156 Epistula
521 2115 600 2156 regis
620 2115 662 2146 ad
683 2115 940 2148 archidiaconum
962 2115 1193 2147 Treverensem.
1238 2114 1313 2146 Dee.
1327 2115 1345 2146 3
1350 2138 1593 2146 .......
1691 2112 1749 2143 692

250 2167 319 2200 686.
351 2167 420 2199 687.
443 2166 683 2198 Infeudationes
704 2167 855 2209 principis
876 2167 915 2198 de
936 2166 1064 2198 Anhalt.
1100 2167 1174 2198 Dee.
1188 2166 1217 2198 3.
1230 2168 1248 2198 4
1254 2189 1592 2197 .........
1642 2163 1802 2195 692-693

351 2219 420 2251 686.
444 2218 626 2250 Infeudatio
649 2219 687 2250 de
709 2219 863 2250 comitatu
886 2217 1027 2260 palatino
1051 2217 1215 2250 Saxoniae.
1260 2217 1334 2249 Dec.
1348 2217 1367 2249 3
1371 2240 1594 2248 ......
1691 2214 1750 2246 692

351 2270 420 2302 687.
443 2269 626 2301 Infeudatio
648 2270 687 2302 de
708 2269 888 2312 principatu
911 2269 1031 2302 Anhalt
1053 2274 1085 2300 et
1107 2269 1262 2300 comitatu
1284 2267 1439 2300 Ascariae.
1476 2268 1550 2298 Dec.
1564 2269 1592 2299 4.
1692 2266 1751 2298 693

250 2322 319 2354 688.
352 2321 476 2352 Foedus
510 2321 550 2353 ab
585 2321 821 2363 archiepiscopo
855 2320 1117 2362 Magdeburgensi
1151 2331 1224 2352 cum
1259 2319 1391 2351 ducibus
1427 2318 1582 2351 Saxoniae

553 2372 785 2414 comitibusque
807 2373 846 2405 de
866 2373 986 2405 Anhalt
1009 2376 1149 2413 pactum.
1192 2371 1268 2403 Dec.
1281 2373 1300 2404 4
1305 2394 1593 2403 ........
1691 2369 1749 2400 694

252 2423 413 2466 Scriptum
434 2424 474 2455 de
494 2424 691 2466 protectione
712 2424 903 2456 Iudaeorum
925 2423 1131 2456 Ulmensium.
1168 2423 1255 2456 1348.
1290 2423 1364 2454 Deo.
1379 2423 1407 2454 3.
1465 2447 1472 2454 .
1506 2446 1512 2453 .
1690 2420 1749 2451 694

150 2425 219 2456 689.

149 2475 320 2508 690-709.
353 2475 434 2506 Acta
452 2475 495 2506 ad
513 2475 627 2516 regalia
648 2475 794 2508 ecclesiae
812 2475 1044 2507 Cameracensis
1062 2474 1250 2516 spectantia.
1290 2474 1376 2507 1348.
1415 2474 1483 2504 Ian.
1504 2473 1591 2506 16.—

554 2527 629 2559 Dec.
642 2530 660 2560 4
666 2548 1591 2560 ........................

250 2579 319 2611 690.
350 2578 419 2611 691.
444 2577 685 2610 Commissiones
717 2579 875 2610 Walramo
908 2578 946 2609 de
979 2577 1197 2618 Lucemburgo
1230 2576 1359 2618 eiusque
1391 2575 1455 2607 filio
1487 2575 1590 2606 datae.

554 2630 622 2661 Ian.
638 2632 685 2663 16.
708 2631 783 2672 Apr.
798 2631 846 2664 18.
900 2650 1590 2662 ..................

348 2681 418 2714 690.
440 2680 624 2712 Commjssio
645 2681 756 2723 prima.
799 2681 867 2713 Ian.
882 2682 929 2714 16.
983 2701 1590 2712 ................

350 2733 419 2765 691.
442 2731 626 2764 commissio
647 2732 757 2764 altera.
800 2733 938 2773 Apr.18.
980 2751 1589 2763 ................

249 2785 318 2818 692.
349 2784 419 2816 693.
442 2782 583 2815 Litterae
604 2783 736 2826 capituli
757 2782 999 2815 Cameracensis.
1043 2782 1114 2813 Iun.
1131 2784 1146 2815 1
1153 2802 1595 2813 ............

1642 2521 1801 2554 695-723

1641 2622 1798 2656 695—701

1687 2674 1745 2706 695

1688 2725 1748 2756 697

1643 2775 1801 2809 702-703

1589 2839 1644 2866 IV*
