2189 2984
186 732 212 750 10

185 998 210 1016 15

183 1266 210 1285 20

184 1524 210 1543 ⁴25

187 2199 214 2219 35

188 2534 218 2552 40

664 163 759 189 ACTA
778 162 890 188 REGNI
910 161 1046 188 KAROLI
1067 161 1112 187 IV.
1152 162 1226 188 1347.
1264 162 1383 189 N1·.229.
1403 163 1460 189 230.
1823 168 1883 197 ‘287

234 252 416 288 occurrent,
440 250 535 290 prout
558 249 633 280 facti
651 249 787 289 qualitas
812 249 958 289 exegerit
982 251 1014 279 et
1037 248 1190 289 expedire
1214 248 1345 287 videris,
1371 249 1553 289 providere,
1579 252 1731 290 quantum
1755 252 1883 290 poteris,

233 301 274 331 de
305 301 469 342 oportunis
498 300 648 331 remediis
678 310 741 330 non
771 304 954 341 postponas.
1008 300 1090 335 Quia
1123 310 1198 330 vero
1230 304 1361 340 propter
1392 300 1636 331 horribilitatem
1669 302 1883 342 suspensionis

231 352 308 382 dicti
332 352 468 382 hominis
493 355 525 382 et
541 354 645 382 certas
662 361 773 382 causas
790 351 869 382 alias
887 351 926 382 de
944 355 1047 382 castro
1065 351 1212 382 exeundo
1229 351 1374 392 predicto
1392 355 1479 382 tuam
1496 352 1727 383 habitationem
1744 354 1883 391 mutasti,

230 405 309 434 satis
333 404 524 434 conveniens
548 413 618 434 esse
643 402 803 433 credimus
827 402 997 434 honestati.

339 463 387 503 (Si
410 463 463 494 Ad
486 463 547 493 hoc
571 466 695 502 autem,
721 462 805 504 quod
830 463 861 493 in
886 463 946 493 tuis
969 463 1083 494 litteris
1107 462 1312 502 subiunxisti,
1337 466 1368 493 te
1393 473 1453 492 non
1479 462 1610 493 credere
1634 475 1765 505 regnum
1790 474 1883 505 posse

230 515 413 555 prosperari
437 514 625 555 predictum,
651 514 802 555 quamdiu
827 514 886 545 erit
909 514 969 544 hiis
992 513 1189 554 temporibus
1213 514 1271 544 sub
1296 514 1571 544 administratione
1596 515 1704 555 regine
1730 516 1883 555 predicte,

230 566 304 597 inde
329 567 511 606 compuncti
536 566 651 597 mentis
675 565 881 597 mestitudine
904 565 1150 606 respondemus,
1180 565 1265 606 quod
1289 565 1419 595 attentis
1444 565 1597 605 qualitate
1622 567 1827 606 negociorum
1853 570 1885 597 et

230 618 386 658 temporis
419 621 451 648 et
478 617 539 648 hiis
563 618 746 658 presertim,
778 627 838 658 que
869 616 908 647 de
937 617 1076 648 adventu
1102 641 1132 647 ..
1158 617 1243 657 regis
1269 615 1409 657 Ungarie
1434 616 1630 656 referuntur,
1661 617 1884 657 expedientius

231 669 323 699 nobis
347 672 379 699 et
397 668 587 710 quibusdam
606 679 645 699 ex
663 668 813 700 fratribus
830 668 945 699 nostris
962 668 1088 699 videtur
1105 669 1194 709 regni
1211 667 1347 709 predicti
1371 667 1679 698 administrationem
1697 668 1737 699 ad
1754 679 1884 709 presens

231 721 263 750 in
286 731 383 751 manu
407 721 516 761 regine
540 730 708 752 remanere
737 722 882 762 predicte
907 732 1002 762 quam
1026 722 1057 752 in
1081 725 1190 752 nostra
1214 725 1246 752 et
1274 721 1409 752 ecclesie
1434 720 1590 762 prelibate
1616 722 1787 761 persistere
1812 731 1883 761 pre-

231 772 334 803 missis
359 775 390 802 et
413 771 483 802 aliis
508 773 611 802 causis
640 776 673 803 et
696 773 887 811 rationibus,
917 784 996 814 quas
1028 776 1081 804 tua
1109 776 1216 813 potest
1240 773 1393 813 colligere
1418 772 1587 813 prudentia
1610 773 1692 803 intra
1716 772 1884 813 precordia

229 823 347 854 mentis
372 826 434 854 tue.

339 885 382 922 (9)
406 882 475 914 Nec
499 883 650 914 refricare
675 884 884 914 ommittimus
908 888 995 914 tuam
1012 883 1213 914 sollicitando
1230 883 1444 924 prudentiam,
1468 887 1511 921 ut,
1537 883 1622 924 quod
1639 883 1754 913 solutio
1772 893 1884 914 census

230 935 359 966 instanti
383 936 518 965 termino
542 934 629 965 nullo
654 934 750 965 modo
775 935 919 974 deficiat,
950 935 1147 975 diligentiam
1177 934 1332 965 adhibeas
1357 939 1389 965 et
1412 935 1557 965 adhiberi
1582 935 1680 965 facias
1704 945 1883 975 operosam.

229 987 274 1018 Ut
298 987 382 1017 enim
407 986 463 1016 tibi
488 986 700 1017 scriberemus
724 997 820 1027 super
843 987 913 1026 hoc,
938 997 995 1017 nos
1019 987 1174 1017 instanter
1197 990 1229 1016 et
1254 987 1361 1026 sepius
1385 985 1499 1017 fratres
1523 989 1718 1027 rogaverunt
1739 986 1884 1026 predicti,

230 1038 384 1076 dicentes,
410 1037 494 1078 quod
519 1037 634 1068 eadem
660 1038 818 1068 solutione
843 1039 1014 1079 plurimum
1038 1038 1196 1078 indigent,
1227 1048 1297 1068 cum
1322 1038 1479 1069 nonnullis
1504 1049 1545 1069 ex
1574 1039 1619 1069 cis
1649 1048 1706 1078 per
1730 1037 1885 1078 quosdam

230 1099 324 1130 reges
348 1093 380 1120 et
404 1090 562 1130 principes
586 1090 634 1119 sui
659 1092 833 1130 proventus
858 1089 1065 1120 ecclesiastici
1089 1089 1325 1120 subtrahantur.

339 1149 406 1189 (lo)
432 1149 571 1180 Demum
596 1154 683 1180 tuam
708 1151 971 1190 circumspectam
996 1149 1211 1189 diligentiam,
1241 1159 1336 1189 quam
1367 1149 1418 1179 inb
1442 1149 1598 1179 mittendo
1623 1151 1710 1179 tuum
1735 1148 1884 1178 nuncium

229 1201 270 1231 ad
294 1201 431 1231 insulam
449 1200 555 1231 Sicilie
573 1200 727 1232 adhibere
753 1201 879 1238 curasti,
904 1211 1027 1231 necnon
1052 1204 1085 1231 et
1108 1201 1358 1241 responsionem,
1384 1211 1479 1241 quam
1504 1201 1547 1230 illi
1572 1200 1739 1237 monacho,
1765 1200 1816 1240 qui
1843 1210 1883 1229 ex

230 1257 322 1295 parte
341 1253 456 1284 dilecte
481 1254 511 1283 in
529 1253 655 1284 Christo
680 1253 743 1284 filie
767 1253 882 1283 nobilis
906 1254 1046 1283 mulieris
1064 1252 1239 1291 Elisabeth,
1265 1253 1374 1283 relicte
1393 1251 1553 1292 quondam
1571 1251 1659 1282 Petri
1680 1251 1885 1292 primogeniti

229 1307 316 1337 clare
340 1306 498 1336 memorie
517 1304 671 1335 Friderici
696 1306 780 1345 regis
796 1305 955 1335 Trinaclie
980 1315 1016 1335 ae
1041 1305 1148 1335 dilecti
1173 1304 1227 1334 filii
1253 1304 1366 1334 nobilis
1384 1305 1440 1333 viri
1458 1303 1607 1333 Iohannis
1632 1303 1775 1333 eiusdem
1800 1302 1884 1342 regis

229 1358 310 1392 nati,
345 1357 547 1387 detentorum
582 1356 724 1397 predicte
756 1356 874 1395 insule,
908 1367 978 1386 cum
1012 1356 1125 1386 litteris
1158 1365 1267 1386 eorum
1301 1356 1468 1386 eredeneie
1500 1355 1540 1385 ad
1571 1359 1600 1385 te
1632 1355 1733 1392 venit,
1770 1354 1882 1384 fecisse

229 1409 419 1445 dinosceris,
450 1408 669 1449 multipliciter
698 1409 728 1438 in
753 1408 891 1439 Domino
922 1408 1200 1442 commendantes,
1231 1407 1310 1437 seire
1335 1412 1366 1437 te
1390 1407 1549 1444 volumus,
1580 1406 1665 1446 quod
1697 1405 1884 1436 eorumdem

230 1462 433 1492 detentorum
469 1461 574 1490 nuncii
605 1460 644 1490 ad
677 1464 817 1490 nostram
849 1460 972 1500 pridem
1005 1460 1171 1490 venientes
1202 1459 1395 1500 presentiam
1429 1458 1627 1495 obtulerunt,
1658 1458 1823 1500 pecierunt
1854 1460 1885 1487 et

230 1512 491 1553 supplicaverunt
514 1514 722 1552 nostramque
748 1513 988 1552 responsionem
1013 1522 1109 1552 super
1133 1511 1249 1541 oblatis
1274 1514 1306 1541 et
1333 1510 1441 1550 petitis
1465 1506 1650 1540 huiusmodi
1671 1512 1883 1549 reportarunt,

230 1565 312 1594 sicut
335 1563 450 1594 cedula
474 1564 615 1594 continet
639 1563 689 1593 hie
713 1563 844 1594 inclusa.

338 1616 411 1655 Age
435 1615 531 1655 igitur
554 1615 703 1653 virtuose,
721 1618 814 1656 prout
838 1614 894 1645 tibi
918 1615 1145 1645 ministraverit
1162 1614 1318 1644 Dominus
1342 1624 1437 1654 super
1460 1612 1637 1643 commissis
1661 1615 1693 1642 et
1716 1621 1882 1642 occurren-

230 1667 316 1698 tibus
340 1667 396 1697 tibi
422 1667 565 1707 negociis
588 1677 660 1701 nec,
687 1668 710 1697 si
736 1666 956 1697 tribulationes
984 1667 1150 1706 insurgant
1172 1666 1276 1703 varie,
1305 1665 1435 1696 deficias
1458 1665 1581 1701 animo,
1612 1663 1668 1693 sed
1693 1664 1723 1693 in
1748 1674 1801 1696 eo,
1831 1662 1884 1703 qui

231 1723 280 1750 est
296 1719 404 1755 virtus,
430 1719 557 1748 adiutor
581 1722 612 1749 et
636 1718 800 1757 fortitudo,
825 1719 935 1759 pocius
952 1718 1150 1754 conforteris,
1176 1728 1297 1758 ponens
1313 1717 1535 1747 nichilominus
1552 1719 1625 1746 ante
1644 1715 1752 1745 oculos
1768 1714 1883 1744 mentis

232 1775 297 1807 tue,
322 1770 407 1811 quod
431 1770 457 1800 si
478 1771 574 1800 votivi
600 1770 732 1800 effectus
757 1769 948 1811 quandoque
974 1769 1136 1800 laboribus
1161 1780 1221 1799 non
1239 1768 1463 1809 respondeant,
1488 1772 1522 1798 ut
1540 1770 1676 1807 optatur,
1702 1766 1883 1796 laborantes

230 1825 339 1853 tamen
363 1821 502 1852 fideliter
525 1832 580 1852 sue
605 1821 762 1852 mercedis
787 1822 916 1862 premiis
940 1832 1002 1851 non
1028 1821 1227 1851 frustrantur.
1274 1820 1340 1850 Nos
1364 1823 1471 1850 autem
1496 1820 1525 1849 in
1551 1819 1623 1855 hiis,
1655 1828 1716 1858 que
1746 1827 1804 1857 per
1827 1826 1883 1846 nos

230 1873 383 1910 comode,
409 1873 561 1904 decenter
589 1877 620 1904 et
645 1873 778 1904 honeste
807 1883 902 1914 super
932 1873 1084 1913 predictis
1108 1873 1176 1903 fieri
1200 1875 1363 1913 poterunt,
1394 1870 1582 1901 subtrahere
1607 1880 1668 1900 non
1692 1867 1885 1898 intendimus

230 1935 361 1955 manum
385 1928 536 1955 nostram.

318 1984 437 2015 Datum
462 1984 620 2014 Avinione
645 1984 686 2014 II.
712 1983 786 2015 Kal.
810 1983 897 2018 Maii,
921 1994 1003 2014 anno
1029 1984 1148 2024 quinto.

446 2193 519 2229 230.
556 2193 762 2229 KAROLI
793 2192 965 2228 REGIS
993 2190 1271 2227 SCRIPTUM
1300 2189 1407 2226 PRO
1439 2188 1675 2225 IOHANNE

623 2248 794 2284 REGIS
826 2246 1058 2284 FRANCIE
1091 2244 1490 2283 PRIMOGAENITO.

918 2316 1026 2351 1347.
1067 2315 1150 2351 Mai.
1174 2316 1207 2351 7.

345 2407 504 2447 Ονῖρὶηαῖε
528 2407 562 2438 in
584 2407 709 2438 archivo
736 2407 915 2438 Parisiensi
939 2407 1070 2438 ‘Cat-ton
1093 2406 1125 2437 J.
1145 2406 1207 2436 612
1230 2416 1278 2436 nr.
1296 2405 1360 2435 45’.
1400 2403 1576 2442 Descripsit
1602 2401 1640 2433 G.
1654 2401 1759 2433 Wam
1782 2401 1818 2431 cl.
1844 2410 1884 2431 m.

234 2459 333 2490 Adest
355 2458 502 2498 siyillum.
527 2477 567 2481 —
592 2458 653 2490 Ed.
679 2459 809 2490 Leibm'a
833 2459 948 2490 ‘Codez
971 2459 1053 2489 iuris
1073 2459 1213 2498 flentium
1236 2456 1468 2496 diplomaticusy
1494 2455 1565 2487 139.

342 2519 418 2559 Rey.
442 2519 516 2558 imp.
537 2518 628 2550 VIII
646 2529 695 2549 m:
712 2519 785 2550 322.

345 2571 392 2617 Cf,
415 2589 515 2618 supra
537 2590 586 2610 nr.
599 2581 641 2609 43
665 2582 693 2610 et
715 2579 804 2617 infra
825 2589 873 2609 nr.
887 2580 960 2609 248.
1006 2577 1147 2608 Litterae
1163 2576 1307 2616 Philippi
1322 2577 1402 2615 reyis
1419 2576 1453 2606 F
1451 2576 1578 2605 manniae
1596 2586 1634 2605 m.
1652 2574 1673 2604 I
1675 2573 1732 2603 ulii
1747 2584 1775 2602 a.
1791 2570 1880 2600 1347.

235 2631 337 2668 datae,
360 2631 474 2670 quibus
496 2634 622 2662 nostras
637 2632 842 2670 confirmatas
857 2640 920 2661 esse
939 2630 1044 2661 W'attz
1059 2630 1207 2668 opinatus
1230 2631 1274 2659 est
1297 2629 1355 2667 (ef.
1374 2627 1446 2666 Rey.
1467 2627 1538 2664 imp,
1557 2625 1642 2655 VIII
1656 2621 1881 2654 ]{f›i‹⁴lass‹eclee›z

234 2692 285 2714 nr.
303 2683 372 2722 13),
404 2683 448 2713 ad
477 2682 536 2713 has
563 2682 685 2713 litteras
712 2692 776 2713 non
797 2682 974 2721 pertinent,
1009 2681 1063 2712 sed
1090 2681 1134 2711 ad
1155 2680 1240 2711 alias
1267 2690 1287 2709 α
1311 2678 1432 2709 Kar-olo
1456 2689 1522 2716 ›⁷2ng
1554 2678 1584 2706 in
1615 2677 1748 2713 fitz-«mni
1774 2673 1883 2703 Bonae

339 2775 404 2802 229.
431 2776 456 2807 b)
477 2776 501 2800 ἰη
522 2776 576 2800 luco
594 2785 654 2801 raso
674 2777 706 2802 R.
