2189 2984
584 180 679 208 ACTA
699 180 812 207 REGNI
832 180 965 206 KAROLI
985 179 1033 206 IV.
1071 179 1145 205 1347.
1183 178 1228 204 Nr.
1243 178 1301 204 282.
1320 178 1378 204 2813.
1763 184 1823 213 337

286 268 335 309 (3)
360 268 495 308 Insuper
518 267 559 298 ad
575 268 673 298 instar
691 267 762 297 dive
779 266 933 297 memorie
951 265 1090 296 Com-adi
1107 265 1269 306 quondam
1293 265 1322 294 in
1340 275 1449 305 regem
1468 265 1713 305 Romantorum)
1732 267 1826 298 electi
1847 272 1880 298 10

177 319 259 350 hanc
276 319 447 360 sepedictis
464 319 585 349 civibus
607 319 756 349 duximus
773 318 914 358 graciam
932 317 1181 355 concedendam,
1206 319 1241 347 ut
1264 320 1328 347 tam
1346 317 1528 357 spirituales
1546 329 1641 358 quam
1658 319 1827 360 seculares,

178 371 406 411 cuiuscumque
431 370 624 400 condicionis
649 371 796 408 existant,
822 373 853 400 et
877 368 966 399 Iudei
992 378 1119 399 camere
1144 371 1250 399 nostre
1268 368 1350 398 servi
1375 368 1492 398 dictam
1517 370 1679 400 civitatem
1704 371 1826 401 inhabi-

178 424 283 451 tantes
306 424 434 459 statuta,
460 431 522 462 que
547 431 604 461 per
627 421 712 461 ipsos
731 421 815 451 cives
839 431 896 461 pro
921 419 1075 455 custodia,
1100 420 1279 450 municione
1298 419 1348 449 vel
1365 420 1533 460 capitaneo
1551 421 1686 451 civitatis
1703 422 1827 462 prefate

145 483 155 499 ει
177 473 262 503 facta
279 473 405 510 fuerint,
430 483 492 503 una
509 483 580 502 cum
598 473 673 513 ipsis
691 472 812 502 civibus
830 471 1010 502 custodiant
1034 475 1066 501 et
1085 471 1265 508 observent,
1290 471 1430 501 maxime
1449 482 1519 501 cum
1544 472 1597 505 hii,
1622 473 1673 513 qui
1692 474 1827 504 similem

135 739 157 756 10

135 997 156 1014 15

132 1388 157 1406 20

130 1645 153 1663 25

129 1902 154 1920 ³0

129 2157 153 2176 35

128 2414 153 2432 40

177 533 249 553 cum
274 523 344 553 aliis
368 524 542 564 suscipiunt
566 524 674 563 vitam,
699 523 834 554 similem
859 524 890 553 in
914 523 1038 563 legibus
1062 523 1178 553 sentire
1204 522 1343 553 debeant
1366 522 1575 563 disciplinam.

284 573 371 604 Nulli
396 584 472 614 ergo
497 575 624 604 omnino
649 574 812 604 hominum
836 574 932 604 liceat
957 574 1036 604 hanc
1055 577 1160 604 nostre
1178 574 1441 611 confirmacionis,
1466 575 1681 605 innovacionis
1699 580 1731 606 et
1747 587 1828 607 nove

177 626 388 657 concessionis
417 627 566 666 paginam
595 626 767 666 infringere
797 628 853 656 aut
880 626 909 656 ei
938 636 1016 656 ausu
1046 626 1217 656 temerario
1247 626 1414 656 contraire.
1471 625 1503 656 Si
1533 626 1602 666 quis
1631 630 1737 657 autem
1770 628 1828 658 hoc

176 681 369 718 attemptare
402 678 647 718 presumpserit,
680 687 811 718 gravem
843 682 982 708 nostram
1014 677 1271 717 indignacionem
1302 688 1336 708 se
1368 678 1491 707 noverit
1524 679 1731 708 incursurum.
1793 679 1829 709 In

176 729 264 759 cuius
288 730 331 759 rei
356 729 574 759 testimonium
599 734 764 770 presentes
788 728 941 759 conscribi
967 732 999 759 et
1023 732 1128 759 nostre
1146 729 1322 759 maiestatis
1346 729 1450 769 sigillo
1468 730 1614 760 iussimus
1632 731 1828 761 communiri.

284 780 402 810 Datum
430 779 607 820 Ratispone
636 790 693 820 per
725 790 836 810 manus
869 779 1064 810 honorabilis
1099 779 1245 810 Welislai
1281 779 1454 820 Pragensis
1489 784 1521 811 ct
1554 781 1830 822 wissegradensis

177 831 383 862 ecclesiarum
407 832 561 870 canonici,
586 836 691 862 nostre
717 832 834 871 regalis
858 831 928 861 aule
954 831 1195 871 prothonotarii,
1220 832 1289 862 vice
1308 831 1499 862 venerabilis
1517 831 1646 863 Gerlaci
1670 834 1828 874 archiepi-

177 883 263 923 scopi
298 883 490 923 Moguntini,
519 883 616 913 nostri
646 886 677 913 et
705 884 785 913 sacri
814 883 938 923 imperii
968 893 1026 923 per
1049 882 1254 913 Germaniam
1284 882 1566 923 archicancellarii,
1593 895 1674 914 anno
1700 885 1829 916 Domini

176 933 344 964 millesimo
384 934 608 964 trecentesimo
643 933 1040 975 quadragesimoseptimo,
1084 933 1259 965 indiccione
1295 934 1368 974 XV,
1408 935 1464 965 IX.
1500 936 1593 965 Kaln.
1628 936 1828 977 Novembris,

176 996 347 1026 regnorum
372 988 549 1016 nostrorum
574 996 656 1015 anno
682 985 832 1016 seeundo.

613 1116 697 1150 0283.
740 1116 959 1159 I’re'e·il‹{rsinnz
988 1121 1128 1151 serranz.
1160 1136 1209 1140 —
1239 1120 1390 1152 (htx-²21.

284 1177 324 1207 In
348 1186 449 1207 verso:
473 1177 502 1208 d.

283 1237 356 1277 Ray.
384 1238 455 1276 imp.
487 1237 573 1267 VIII
597 1239 733 1267 ›21:378.

283 1323 421 1354 Kal-olus
445 1323 506 1354 Dei
531 1325 634 1363 gratia
658 1323 875 1354 Romanorum
902 1334 958 1354 rex
983 1335 1110 1364 semper
1134 1328 1287 1365 august-us
1316 1329 1348 1355 et
1372 1325 1504 1356 Boemie
1530 1337 1585 1357 rex
1676 1330 1828 1360 universis

176 1376 256 1405 sacri
282 1374 417 1406 Romani
448 1376 573 1416 imperii
601 1375 749 1405 fidelibus
778 1378 942 1415 presentes
971 1376 1093 1406 litteras
1122 1377 1310 1417 inspecturis
1399 1378 1536 1415 gratiam
1562 1389 1650 1409 suam
1677 1383 1709 1410 et
1734 1392 1826 1411 omne

175 1426 301 1457 bonum.

281 1478 360 1508 (lum
391 1479 492 1509 omnis
520 1478 622 1519 gloria
652 1489 707 1509 seu
738 1478 886 1518 potencia
911 1479 1105 1519 principatus
1136 1480 1164 1509 in
1190 1479 1388 1510 subditorum
1414 1480 1475 1511 tide
1501 1482 1653 1512 consistat
1678 1484 1828 1524 precipue

174 1529 325 1567 solidata,
355 1530 448 1561 decet
477 1534 508 1560 et
533 1530 677 1570 expedit,
707 1534 742 1561 ut
772 1530 907 1571 quilibet
940 1532 969 1560 in
995 1541 1184 1572 quacunque
1210 1532 1442 1571 precniinentia
1467 1534 1654 1564 constitutus
1679 1535 1829 1565 subiectis

174 1581 238 1611 suis
262 1582 292 1611 in
317 1592 426 1612 eorum
452 1582 720 1622 oportunitatibus
743 1583 782 1612 sit
807 1582 963 1616 liberalis,
993 1582 1094 1612 facilis
1123 1586 1219 1623 atque
1249 1583 1404 1621 clemens,
1437 1585 1511 1624 quia
1542 1585 1738 1616 excellencie
1770 1598 1825 1617 sue

174 1632 311 1673 dignitas
336 1637 409 1663 tune
432 1644 507 1664 vere
532 1634 635 1664 laudis
660 1634 759 1664 titulis
785 1634 964 1669 decoratur,
988 1645 1058 1664 eum
1084 1634 1283 1664 subditorum
1309 1646 1435 1665 suorum
1461 1637 1575 1666 merita
1600 1637 1774 1668 elementer
1798 1642 1830 1668 et

173 1683 310 1714 fideliter
334 1687 542 1725 recognoscit,
566 1686 759 1716 confirmatis
784 1696 823 1716 ex
843 1686 1035 1716 liberalitate
1054 1687 1192 1726 propria,
1217 1697 1277 1727 que
1304 1687 1506 1727 exigentibus
1532 1698 1640 1718 eorum
1667 1691 1787 1720 meritis
1811 1701 1829 1720 a

173 1737 236 1766 suis
265 1737 543 1776 predecessoribus
573 1741 643 1767 sunt
673 1738 803 1771 collata,
835 1748 905 1768 eum
935 1739 964 1767 in
995 1738 1218 1768 contii-mundis
1248 1740 1358 1779 gratiis
1389 1741 1605 1779 preecmeessis
1634 1751 1694 1770 non
1727 1742 1826 1771 multo

172 1788 274 1818 minus
299 1799 392 1829 quam
418 1790 447 1819 in
473 1789 512 1819 de
538 1800 619 1819 novo
651 1789 852 1819 conferendis
883 1789 981 1829 regali
1013 1789 1161 1830 dignitati
1191 1800 1374 1820 a‹‘·cres‹·er‹=
1410 1791 1562 1821 videatur.
1610 1792 1824 1822 Attendentes

174 1840 284 1875 etiam,
309 1840 409 1880 quod,
435 1851 504 1870 cum
530 1851 548 1870 a
573 1840 662 1870 nobis
686 1840 805 1881 aliquid
831 1841 958 1881 petitur,
985 1841 1068 1881 quod
1095 1842 1210 1871 iustum
1238 1842 1332 1871 fuerit
1356 1843 1476 1882 pariter
1501 1847 1532 1872 et
1558 1843 1734 1882 honestum,
1761 1848 1824 1874 tani

173 1891 263 1931 vigor
286 1892 436 1932 equitatis
460 1903 554 1932 quani
580 1892 657 1922 ordo
682 1893 782 1932 exigit
807 1893 947 1924 rationis.
973 1896 1006 1922 ut
1031 1892 1060 1922 id
1086 1903 1142 1933 per
1166 1903 1222 1922 nos
1246 1892 1286 1923 ad
1305 1893 1452 1924 effectum
1474 1897 1617 1934 optutum
1636 1899 1666 1924 et
1684 1895 1825 1926 debitum

172 1942 374 1983 perducatur,
400 1944 545 1983 petitioni
571 1943 757 1974 dilectorum
785 1944 874 1973 nobis
899 1945 1012 1974 rivium
1027 1944 1318 1984 Ratisponensium,
1344 1945 1485 1976 fidelium
1511 1950 1698 1983 nostrorum,
1731 1958 1824 1987 quam

172 1994 262 2024 nobis
279 1995 441 2025 humiliter
458 2000 678 2036 porrexerunt,
696 1999 729 2025 ut
742 1996 848 2026 omnia
863 1996 1039 2036 privilegia,
1056 1997 1187 2036 gratias,
1206 1997 1283 2031 iura,
1302 1996 1476 2032 libertates,
1496 1998 1642 2033 honores,
1660 1998 1824 2035 utilitates,

173 2047 307 2077 comoda
325 2057 447 2077 necnon
465 2048 612 2087 antiquas
629 2047 876 2077 eonsuetudines
892 2058 948 2088 per
966 2047 1210 2088 predecessores
1234 2052 1359 2078 nostros
1378 2049 1548 2079 recolende
1566 2050 1718 2079 memorie
1737 2049 1826 2079 (lives

172 2098 382 2139 imperatores
407 2102 438 2128 et
462 2109 555 2138 reges
578 2098 795 2129 Romanorum
828 2099 903 2139 ipsis
932 2099 1007 2129 data
1038 2102 1070 2129 ct
1100 2110 1265 2135 concessa,
1296 2099 1435 2131 indultas
1465 2104 1496 2131 et
1521 2102 1690 2141 permissas
1715 2101 1826 2140 digna-

173 2160 279 2180 remur
303 2150 493 2181 auctoritate
518 2150 606 2190 regia
623 2150 810 2180 confirmare
835 2150 1011 2181 liberaliter
1033 2154 1220 2187 annuentes,
1246 2152 1351 2181 omnia
1371 2154 1403 2181 et
1420 2152 1544 2192 singula
1562 2151 1714 2192 predicta,
1734 2155 1827 2192 prout

173 2202 273 2241 petita
297 2205 378 2237 sunt,
404 2212 444 2231 ex
468 2202 575 2232 innata
599 2201 689 2232 nobis
714 2202 884 2232 elementia
908 2202 1124 2242 approbamus
1148 2206 1180 2233 et
1204 2213 1244 2233 ex
1268 2203 1461 2233 liberalitate
1487 2204 1574 2243 regia
1592 2203 1822 2233 confirmanius.

172 2252 258 2283 Nulli
283 2263 358 2294 ergo
384 2254 511 2283 omnino
536 2253 698 2283 hominum
723 2253 817 2284 liceat
848 2254 928 2284 hanc
953 2258 1059 2285 nostre
1081 2254 1326 2295 approbacionis
1351 2258 1381 2284 et
1406 2254 1653 2284 confirmationis
1677 2255 1826 2295 paginam

172 2304 343 2345 infringere
373 2304 424 2335 vel
453 2305 483 2335 ei
512 2305 541 2334 in
572 2304 680 2345 aliquo
709 2316 787 2335 ausu
815 2306 986 2335 temerario
1016 2306 1183 2336 contraire.
1241 2305 1273 2335 Si
1305 2307 1374 2346 quis
1403 2310 1511 2336 autem
1541 2306 1599 2335 hoe
1631 2309 1825 2346 attemptare

172 2357 410 2396 presumpserit,
435 2367 566 2396 gravem
590 2356 841 2397 indignationem
866 2362 1006 2387 nostram
1031 2368 1064 2388 se
1090 2358 1213 2387 noverit
1238 2358 1444 2387 incursurum.
1494 2358 1527 2387 In
1554 2358 1641 2387 cuius
1666 2358 1711 2387 rei
1737 2359 1824 2388 testi-

172 2408 311 2438 monium
337 2411 501 2448 presentes
525 2408 648 2438 litteras
672 2407 764 2438 scribi
790 2412 822 2438 et
845 2409 1021 2439 maiestatis
1045 2412 1151 2439 nostre
1176 2409 1279 2449 sigillo
1304 2409 1449 2439 iussimus
1474 2409 1671 2439 ccnnmuniri.

280 2459 399 2490 Datum
429 2459 604 2500 Ratispone
640 2470 697 2499 per
727 2470 838 2490 manus
873 2460 1068 2490 honorabilis
1097 2460 1244 2490 Welislai
1276 2460 1449 2500 Pragensis
1485 2464 1517 2490 ct
1551 2459 1823 2500 &Vissegradensis

173 2511 380 2542 ecclesiarum
405 2511 557 2545 canonici,
582 2517 688 2541 nostre
714 2512 829 2552 regalis
853 2512 925 2541 aule
950 2511 1193 2552 prothonotarii,
1219 2512 1287 2541 vice
1305 2511 1496 2542 venerabilis
1515 2511 1642 2541 Gerlaci
1668 2511 1823 2551 archiepi-

172 2563 259 2602 scopi
283 2563 474 2603 Maguntini,
504 2563 585 2592 sacri
615 2563 739 2602 imperii
768 2573 825 2603 per
849 2562 1054 2593 Germaniam
1079 2563 1364 2596 archicancellarii,
1397 2573 1478 2592 anno
1504 2563 1631 2593 Domini
1655 2562 1824 2592 millesimo

172 2614 396 2644 trecentesimo
422 2613 668 2654 quadragesimo
693 2615 844 2654 septimo,
874 2614 1046 2644 indictione
1071 2614 1143 2653 XV,
1170 2614 1278 2644 VIIII.
1304 2614 1398 2645 Kaln.
1423 2613 1629 2653 Novembris,
1655 2624 1823 2653 regnorum

131 2670 158 2689 45
179 2668 358 2696 nostrorum
383 2675 465 2695 anno
489 2665 637 2696 SCCUssdO.

277 2853 313 2870 LL.
334 2853 543 2870 CONSTITUTIONES
562 2853 619 2870 vm.
1584 2841 1616 2865 43

1847 2005 1878 2030 12
