2189 2984
157 705 182 724 10

157 962 180 981 {5

159 1219 182 1238 20

155 1478 179 1496 2⁵

156 1734 181 1752 30

157 1996 181 2014 35

158 2253 184 2271 40

679 142 775 169 ACTA
795 142 907 169 REGNI
927 142 1062 168 KAaoti
1083 142 1128 168 iv.
1167 143 1240 169 1346.
1278 143 1324 169 ΝΥ.
1339 145 1361 170 9.
1804 151 1840 178 15

200 235 244 262 vel
273 234 379 261 iuribus
411 235 440 260 in
471 234 510 260 eis
534 234 578 260 vel
609 234 659 260 sub
689 235 728 260 eis
756 234 840 260 etiam
872 233 1035 259 constitutis
1063 242 1079 259 a
1110 234 1332 267 quibuscumque
1362 235 1593 261 universitatibus
1623 236 1666 262 vel
1696 238 1841 270 personis*

200 286 390 320 singularibus
414 286 513 319 quovis
538 285 633 317 modo,
659 285 707 311 illa.
731 285 825 312 omnia
848 281 926 311 u’ulla
950 285 1008 311 fore
1032 285 1224 318 pronunciabo
1249 287 1290 316 et,
1320 287 1458 318 quatenus
1482 289 1677 320 processerunt
1701 288 1734 314 de
1758 289 1841 319 facto,

199 338 328 364 totaliter
350 337 487 364 revocabo
512 332 561 363 et*
587 337 672 363 etiam
696 346 746 370 pro
770 345 826 362 non
850 336 932 362 factis
956 336 1048 362 volam
1072 338 1101 362 et
1123 332 1292 362 decernam*
1316 337 1422 363 haberi.

307 384 381 425 (VI)
409 388 479 414 Item
511 387 645 421 promitto
677 388 705 413 et
734 387 805 417 iuro,
836 386 921 419 quod.
963 384 988 413 si
1023 383 1053 413 in
1089 393 1197 424 regem
1226 383 1443 414 Romanorum
1473 388 1652 425 assumptus
1684 386 1772 416 fuero
1802 387 1842 417 ad

200 437 369 477 imperium
398 435 601 476 postmodum
632 435 853 473 assumendus,
882 439 1065 470 antequam
1092 438 1231 471 ingrediar
1260 441 1352 472 partes
1380 439 1461 464 ltalie
1489 442 1516 465 et
1539 442 1723 472 antequam
1753 441 1780 466 in
1804 441 1842 467 eis

200 491 243 518 vel
278 491 311 517 de
348 491 387 516 eis
424 499 472 524 per
509 499 551 516 me
585 490 626 516 vel
666 490 752 516 alium
789 498 835 516 seu
872 489 942 514 alios
979 488 1086 522 aliquid
1123 489 1268 522 disponam
1311 492 1360 516 aut
1400 491 1607 522 quomodolibet
1648 491 1842 521 aministremf,

199 539 285 580 apud
327 539 555 577 s(anctitatem)
595 539 763 578 v(estram)
802 536 978 578 predictam
1018 541 1049 567 et
1088 536 1197 567 sedem
1239 538 1448 578 apostolic-am
1488 542 1698 574 :iprobationem
1731 552 1843 576 persone

199 603 258 621 mee
286 594 318 622 et
347 594 467 630 cetera,
497 601 557 631 que
588 590 707 620 electus
735 590 766 619 in
797 599 907 629 regem
930 588 1149 619 Romanorum
1174 589 1409 629 promovendus
1439 590 1470 619 in
1498 590 1724 630 imperatorem
1747 590 1844 621 habet

200 643 358 682 prosequi,
384 652 560 682 prosequar
583 652 654 671 cum
679 640 804 671 effectu.
851 640 943 671 Item*
968 645 1105 678 promitto
1130 645 1162 671 et
1185 641 1263 679 iur0,
1288 645 1362 678 quod
1386 646 1617 679 quandocumque
1641 649 1705 680 post
1727 647 1843 680 aproba-

200 698 306 725 tionem
330 698 485 732 predictam
514 698 543 723 in
567 697 763 723 Lombardiani
793 698 822 722 et
845 696 997 722 Tusciam&
1021 697 1063 722 vel
1094 705 1188 722 earum
1218 697 1336 723 alteram
1366 697 1487 730 aliquem
1512 698 1554 723 vel
1579 698 1688 731 aliquos
1712 695 1842 724 mittam*

201 756 257 785 pro
283 746 374 776 terris
407 750 439 775 et
470 744 589 775 iuribus
617 744 743 784 imperii
771 743 1000 783 gubernandis,
1032 744 1183 784 quociens
1207 744 1295 774 illum
1320 745 1369 774 vel
1394 744 1465 775 illos
1490 746 1714 783 transmittam,
1744 750 1844 776 faciam

201 810 263 827 eum
287 804 316 828 et
339 810 386 827 eos
414 801 519 831 iurare,
550 802 580 826 ut
603 800 716 826 adiutor
743 800 786 826 vel
811 799 953 826 adiutores
977 800 1083 826 domini
1108 796 1203 834 pape*
1226 800 1283 826 sint
1311 800 1345 826 ad
1369 800 1573 826 defendendum
1603 800 1719 827 terram
1744 798 1842 827 saneti

202 848 291 879 Petri
315 852 347 878 et
372 853 525 879 Romanam
550 852 695 878 ecclesiam
721 846 896 877 secundum
920 857 1011 877 suum
1035 858 1137 888 posse.

308 899 399 939 (VII)
428 904 499 930 Item
522 903 657 937 promitto
683 905 711 929 et
734 903 810 933 iuro,
840 903 927 935 quod,
957 899 983 928 si
1012 899 1175 939 contingat
1204 909 1255 929 me
1286 899 1373 939 eligi,
1404 903 1439 929 ut
1466 899 1637 940 prefertur,
1668 899 1749 930 infra
1773 904 1842 930 octo

200 951 268 981 dies
301 951 491 981 electionem
530 961 635 981 meam
674 949 845 980 immediate
885 954 1056 990 sequentes
1091 964 1187 981 omnes
1223 955 1398 988 supradictas
1435 957 1463 982 et
1497 955 1690 988 infrascriptas
1729 956 1843 989 promis—

200 1007 292 1033 siones
323 1009 351 1033 et
385 1007 542 1033 iuramenta
577 1002 738 1032 renovabol
767 1008 793 1031 et
822 1006 923 1032 iterum
958 1006 1057 1032 faciam
1093 1002 1201 1042 plene,
1237 1006 1418 1040 singulariter
1453 1008 1481 1032 et
1515 1015 1659 1040 expresse,
1694 1003 1843 1033 Videlicet

200 1054 285 1095 quod
309 1055 414 1085 onmia
439 1058 471 1085 et
494 1054 617 1094 singula
641 1054 855 1094 suprascripta
881 1057 912 1083 et
936 1053 1137 1094 infrascripta
1167 1064 1224 1094 per
1247 1064 1297 1083 me
1323 1054 1477 1094 promissa
1502 1057 1533 1083 et
1557 1064 1614 1094 per
1637 1064 1687 1084 ine
1711 1055 1843 1095 prestito

197 1105 376 1136 iuramento
406 1106 524 1136 vallata
548 1110 619 1146 post
642 1104 884 1145 aprobationem
910 1115 1014 1135 meam
1039 1115 1096 1145 per
1119 1105 1229 1135 sedem
1254 1105 1463 1145 apostolicam
1488 1106 1603 1135 factam
1628 1105 1711 1135 bona
1727 1106 1789 1136 fido
1813 1109 1844 1136 et

199 1157 428 1188 inviolabiliter
463 1156 659 1189 observabo.
695 1156 825 1194 faciam,
861 1156 1000 1197 implebo
1031 1160 1062 1186 et
1096 1156 1294 1197 integraliter
1329 1156 1493 1187 attendam
1529 1157 1617 1187 iuxta
1644 1158 1842 1197 presencium

203 1209 433 1240 continenciam
459 1213 491 1240 et
516 1213 673 1243 tcnorem;
704 1208 868 1249 quodque,
893 1218 962 1238 cum
988 1209 1110 1238 mittam
1135 1208 1176 1238 ad
1201 1208 1309 1238 sedem
1335 1209 1543 1249 apostolicam
1572 1219 1629 1248 pro
1660 1207 1744 1238 dicta
1772 1219 1843 1239 mea

200 1260 408 1300 api-obatione
433 1260 594 1299 habenda,
623 1261 747 1290 mittam
775 1260 871 1290 etiam
905 1260 945 1290 ad
969 1259 1078 1290 sedem
1111 1260 1244 1290 eandem
1276 1264 1380 1290 certos
1408 1262 1629 1300 procuratores
1658 1270 1745 1289 nicos
1773 1270 1842 1289 eum

201 1311 306 1352 pleno,
331 1312 510 1347 sufficienti,
536 1322 687 1352 expresso
712 1322 748 1342 ac
773 1311 904 1352 speciali
929 1311 1078 1342 mandato
1104 1312 1142 1341 de
1166 1311 1311 1341 omnibus
1338 1311 1608 1352 promissionibus,
1633 1311 1842 1341 concessioni-

198 1363 274 1403 bus,
303 1363 526 1394 donationibus
558 1369 590 1393 et
618 1363 763 1393 omnibus
793 1364 888 1393 etiam
924 1364 992 1394 aliis
1023 1363 1214 1404 supradictis
1238 1363 1326 1393 vobis
1356 1363 1483 1393 nomine
1515 1367 1619 1393 vestro
1649 1367 1680 1392 et
1708 1361 1842 1392 ecclesie

199 1414 344 1446 Romane
369 1414 595 1456 recipientibus
619 1425 676 1455 per
701 1425 755 1444 eos
778 1426 836 1455 pro
862 1426 911 1446 me
937 1426 973 1445 ac
998 1426 1069 1445 meo
1096 1416 1222 1445 nomine
1254 1414 1421 1454 faciendis,
1450 1415 1503 1455 qui
1528 1418 1747 1455 procuratores
1771 1424 1842 1444 meo

200 1468 326 1498 nomine
351 1477 460 1497 omnes
477 1467 711 1507 promissiones,
737 1468 969 1501 concessiones,
995 1466 1184 1497 donationes
1204 1472 1236 1496 et
1253 1468 1357 1497 omnia
1376 1466 1438 1496 alia
1455 1467 1668 1506 suprascripta
1692 1470 1723 1495 et
1747 1466 1842 1495 infra-

200 1519 317 1559 scripta
339 1519 371 1548 in
388 1519 552 1559 presencia
570 1522 673 1548 vestra
691 1517 785 1558 plene
810 1522 841 1548 et
859 1518 1004 1559 specifice
1023 1518 1141 1548 faciant
1166 1522 1198 1548 et
1214 1517 1411 1558 adimpleant
1434 1522 1466 1548 et
1482 1517 1658 1558 adimplere
1683 1521 1715 1547 ct
1738 1518 1842 1547 facere

201 1574 381 1604 teneantur:
407 1574 438 1601 et
462 1574 532 1610 post
556 1569 798 1610 aprobationem
824 1569 1001 1610 predictam
1026 1570 1107 1599 infra
1133 1573 1203 1599 octo
1229 1569 1306 1603 (lios,
1331 1580 1370 1598 ex
1396 1579 1457 1609 quo
1483 1568 1521 1598 de
1543 1567 1752 1608 aprobatione
1776 1569 1843 1608 ipsa,

200 1621 322 1652 litteras
346 1621 538 1661 apostolicas
563 1632 724 1662 recepero,
750 1622 857 1652 onmia
884 1626 916 1652 et
940 1621 1064 1661 singula
1089 1632 1145 1661 per
1170 1620 1300 1650 eosdem
1326 1624 1561 1660 procuratores,
1586 1624 1620 1650 ut
1643 1620 1844 1660 premittitur,

199 1683 271 1704 meo
296 1674 421 1704 nomine
447 1673 529 1703 facta
554 1683 705 1713 expresse
731 1676 762 1703 et
786 1673 988 1714 singulariter
1014 1672 1194 1714 aprobabo,
1225 1671 1387 1702 ratificabo
1412 1675 1444 1702 et
1469 1682 1524 1712 per
1548 1682 1597 1701 ine
1623 1671 1724 1711 ipsum
1748 1672 1843 1701 etiam

200 1724 360 1755 renovabo
385 1730 417 1755 et
440 1725 552 1755 iterum
577 1724 692 1754 faciam
718 1724 775 1754 hec
801 1724 840 1755 de
867 1735 959 1758 novo.
985 1731 1013 1755 et
1029 1728 1228 1755 nichilominus
1252 1730 1316 1761 post
1333 1728 1571 1754 consecrationem
1591 1730 1619 1753 et
1635 1727 1843 1753 coronationem

206 1789 299 1807 meam
324 1781 498 1814 imperialem
530 1780 603 1806 infra
633 1783 696 1806 octo
721 1780 779 1807 dies
803 1781 1041 1807 consecrationem
1073 1783 1101 1807 et
1125 1780 1335 1806 coronationem
1367 1780 1484 1805 eandem
1512 1779 1672 1805 immediate
1696 1780 1843 1812 sequentes

200 1841 250 1866 pro
279 1832 378 1858 maiori
410 1832 544 1858 firmitate
574 1832 699 1858 omnium
727 1833 915 1866 predictorum
948 1831 1008 1865 ipsa
1039 1831 1131 1857 onmia
1162 1833 1189 1857 et
1219 1831 1329 1863 singula
1357 1830 1501 1856 ratificabo
1534 1831 1562 1855 et
1591 1829 1676 1855 etiam
1704 1829 1843 1855 renovabo

201 1884 382 1917 singulariter
407 1886 435 1910 et
459 1892 598 1918 expresse,
623 1880 674 1910 et*
696 1893 778 1918 super
803 1883 946 1917 premissis
971 1883 1099 1909 omnibus
1124 1885 1152 1908 et
1175 1882 1292 1915 singulis
1317 1884 1346 1908 et
1369 1891 1418 1915 pro
1435 1881 1563 1915 qualibet
1580 1881 1638 1907 vice
1662 1880 1694 1906 de
1711 1880 1843 1914 predictis

200 1935 280 1961 iuxta
296 1936 460 1970 premissam
477 1935 687 1961 distinctionem
705 1938 863 1970 temporum
885 1935 956 1960 dabo
975 1935 1088 1961 litteras
1106 1943 1181 1960 meas
1199 1934 1426 1968 quadruplicatus
1451 1933 1573 1959 eiusdem
1593 1932 1697 1958 tenoris
1714 1934 1843 1966 patentes

201 1988 229 2013 et
252 1987 422 2014 sufficientes
446 1996 477 2013 ac
501 1987 602 2021 sigillo,
627 1996 681 2021 quo
705 1987 787 2014 dictis
811 1989 875 2013 utar
899 1986 1081 2020 temporibus,
1105 1985 1299 2011 communitas.

308 2039 379 2064 Item
402 2044 497 2074 super
521 2039 630 2064 sancta
653 2034 714 2066 Dei
738 2034 907 2074 euangelia
931 2033 1139 2074 corporaliter
1162 2043 1257 2062 manu
1282 2036 1366 2063 tacta
1393 2033 1471 2071 iuro,
1496 2036 1570 2069 quod
1594 2036 1698 2061 nullam
1716 2030 1841 2060 omnino

201 2089 426 2123 promissionem,
456 2090 563 2115 nullum
587 2092 699 2124 pactum
724 2090 887 2123 nullumque
912 2090 1099 2116 iuramentum
1124 2097 1174 2115 nec
1198 2088 1304 2121 aliquid
1328 2089 1403 2114 aliud
1427 2084 1497 2121 feci,
1528 2096 1577 2121 per
1604 2087 1677 2120 quod
1702 2086 1842 2120 premissis

186 2130 245 2167 ¹vel
274 2150 368 2168 eorum
398 2141 482 2167 alicui
514 2141 603 2175 possit
635 2141 663 2167 in
693 2141 788 2175 aliquo
822 2141 1034 2174 quomodolibet
1057 2136 1216 2173 derogari*,
1249 2141 1277 2165 et
1307 2135 1528 2165 nichilominus
1561 2147 1643 2172 super
1673 2139 1769 2163 sancta
1792 2137 1842 2162 Dei

203 2193 350 2228 euangelia
374 2193 558 2227 corporaliter
581 2202 665 2219 manu
694 2195 771 2219 tacta
800 2193 860 2219 iuro
884 2192 1019 2226 premissa
1050 2192 1143 2218 omnia
1173 2194 1200 2217 et
1224 2191 1335 2225 singula
1358 2200 1400 2217 me
1425 2191 1563 2217 facturum
1589 2192 1617 2216 et
1640 2189 1842 2222 completurum

203 2246 232 2271 et
255 2245 331 2271 nullo
355 2254 478 2278 unquam
501 2247 626 2278 tempore
650 2254 699 2278 per
722 2254 766 2271 me
791 2245 834 2271 vel
858 2244 928 2270 alios
945 2246 1043 2270 contra
1067 2243 1116 2269 illa
1140 2243 1183 2269 vel
1204 2243 1317 2276 aliquod
1343 2243 1376 2268 de
1400 2242 1455 2268 illis
1473 2242 1571 2275 quovis
1587 2241 1668 2267 modo
1688 2242 1841 2269 venturum,

202 2298 231 2323 et
254 2297 289 2327 si,
313 2297 387 2330 quod
411 2296 498 2328 absit,
523 2296 701 2330 contingeret
724 2305 767 2322 me
793 2297 897 2327 facere,
928 2296 1033 2326 dicere,
1063 2295 1228 2328 promittere
1253 2295 1295 2320 vel
1326 2294 1418 2320 iurare
1442 2294 1537 2327 aliqua
1562 2293 1604 2319 vel
1629 2292 1756 2325 aliquod,
1789 2300 1842 2324 quc

201 2348 344 2382 premissis
373 2348 416 2374 vel
447 2357 542 2374 eorum
572 2348 655 2374 alicui
686 2350 801 2381 possent
831 2347 1043 2381 quomodolioet
1073 2346 1186 2372 obviare
1218 2346 1261 2371 vel
1295 2342 1358 2372 me*
1384 2346 1418 2371 ad
1451 2345 1564 2378 aliquod
1597 2353 1673 2370 secus
1704 2343 1842 2377 agendum

202 2399 332 2426 inducere
358 2400 401 2426 vel
424 2399 509 2426 michi
535 2399 709 2426 occasionem
733 2400 833 2434 agendi
857 2401 955 2425 contra
979 2398 1106 2432 predicta
1130 2398 1173 2424 vel
1198 2406 1293 2424 eorum
1315 2397 1429 2430 aliquod
1446 2395 1658 2429 quomodolibet
1675 2395 1841 2421 ministr-arc.

202 2451 399 2478 nichilominus
422 2451 478 2477 illis
510 2460 687 2484 nequaquam
716 2451 894 2477 obstantibus
922 2451 1048 2484 predicta
1080 2450 1173 2476 omnia
1203 2448 1234 2475 et
1266 2445 1389 2486 singula
1413 2448 1557 2482 complebo
1591 2449 1619 2473 et
1642 2446 1842 2472 inviolabiliter

160 2510 186 2529 45
206 2503 360 2530 observabo
385 2506 414 2529 et
437 2503 471 2529 ad
495 2511 527 2529 ea
552 2503 716 2537 complenda
740 2505 768 2529 et
791 2503 994 2529 inviolabiliter
1018 2502 1192 2528 observanda
1221 2510 1253 2527 ex
1277 2499 1507 2534 promissionibus
1538 2501 1565 2525 et
1594 2497 1758 2524 iuramentis
1782 2506 1840 2530 pre-

202 2555 294 2581 missis
318 2564 430 2588 semper
446 2564 489 2581 me
508 2555 570 2581 volo
594 2563 737 2581 remanere
763 2550 937 2581 effieaeiter
961 2554 1129 2588 obligatum;
1155 2555 1181 2579 et
1207 2562 1239 2579 ex
1263 2561 1335 2578 nunc
1359 2552 1445 2577 etiam
1460 2552 1568 2577 atestor
1591 2552 1620 2576 et
1636 2550 1776 2582 protestor
1799 2557 1841 2573 ine

203 2607 274 2633 velle
305 2605 337 2634 et
366 2606 526 2640 intelligere
554 2607 690 2640 premissa
718 2606 812 2632 omnia
843 2608 871 2632 et
899 2605 1009 2639 singula
1038 2605 1076 2631 sic
1107 2604 1219 2631 exclusa
1247 2604 1305 2630 fore
1336 2603 1370 2629 ab
1396 2602 1523 2628 omnibus
1547 2601 1628 2628 factis
1653 2600 1685 2625 et
1708 2595 1839 2635 promis-

305 2695 333 2721 9.
361 2695 379 2726 f)
398 2696 432 2720 sic
451 2704 488 2720 or.
577 2696 602 2726 8)
620 2696 728 2720 Tuciam
747 2705 784 2720 or.

309 2764 331 2795 l)
349 2763 426 2796 Quod
435 2763 476 2789 die
486 2767 524 2790 19.
532 2773 565 2789 m.
576 2762 728 2795 Septembris
738 2762 840 2788 demum
850 2763 951 2796 factum
965 2766 1015 2791 est,-
1028 2762 1061 2793 cf.
1070 2761 1145 2792 infra
1162 2769 1201 2786 nr.
1211 2764 1238 2786 91
1250 2764 1273 2786 et
1286 2761 1388 2787 litteras
1397 2767 1485 2793 papae
1498 2757 1574 2789 infra
1585 2755 1621 2782 ad
1629 2756 1691 2781 Dec.
1700 2758 1738 2781 18.
1749 2754 1840 2780 editas.
