2189 2984
142 699 166 718 10

144 958 166 976 15

141 1214 166 1233 20

141 1470 165 1489 25

143 1730 168 1749 30

144 1985 169 2004 ³5

143 2240 170 2259 40

143 2521 169 2539 45

650 141 747 168 ACTA
765 141 878 168 REGNI
898 141 1034 168 KAROLI
1054 143 1099 169 IV.
1139 143 1212 169 1346.
1250 143 1296 169 Nr.
1311 144 1368 171 110.
1776 151 1828 180 151

292 228 400 265 (XIII,
422 228 450 267 1)
474 233 544 258 Item
560 233 685 258 volumus
702 234 731 259 et
746 233 775 258 in
793 234 960 266 perpetuum
974 233 1152 259 concedimus
1167 233 1257 260 eidem
1270 234 1431 260 Baldewino
1445 236 1655 270 archiepiscopo
1669 237 1833 264 Treverensi

186 286 215 310 et
238 284 294 310 suis
319 283 532 315 successoribus,
558 284 633 316 quod
656 284 689 310 de
713 284 864 315 nobilibus,
889 284 1015 315 vasallis,
1042 280 1271 320 castrensibus,
1296 286 1529 312 ministerialibus
1553 290 1581 313 et
1605 283 1739 313 subditis
1763 289 1833 314 eius-

182 335 245 361 dem
270 335 386 361 ecclesie
410 334 589 361 Treverensis
619 337 647 360 et
676 335 709 361 de
738 343 834 361 eorum
862 335 952 361 feodis
980 335 1167 369 simplicibus,
1199 336 1275 369 ligiis
1300 337 1355 363 vel
1379 338 1568 364 castrensibus
1593 344 1715 364 necnon
1740 346 1834 376 snper

183 381 274 412 bonis
298 391 335 412 ae
352 381 570 422 questionibus
587 381 758 412 ecclesiam
775 381 1007 413 Treverensem
1033 386 1087 412 aut
1111 383 1179 413 eius
1200 383 1344 413 subditos
1361 384 1565 424 tangentibus
1589 391 1740 416 secundum
1765 391 1833 421 iura,

187 437 299 464 modum
323 438 351 463 et
374 437 605 463 consuetudinem
630 437 726 463 iudicii
751 437 813 464 aule
837 437 992 471 imperialis
1017 438 1071 464 vel
1095 438 1171 472 regie
1197 434 1308 470 cItare,
1334 439 1468 465 terminos
1493 442 1630 472 statuere,
1659 441 1782 468 iudicare
1807 445 1835 469 et

185 488 359 514 sentenciare
383 493 420 514 ac
444 483 524 514 alios
547 486 636 514 actus
660 484 841 514 iudiciarios
857 494 1010 515 exercere
1034 495 1092 526 per
1115 495 1149 515 se
1175 488 1207 515 et
1231 496 1304 515 suos
1325 485 1437 515 fideles
1455 491 1579 517 habeant-
1595 494 1680 525 atque
1698 493 1834 526 possint&

184 548 246 565 curn
270 540 410 573 expediat,
435 540 510 573 quod
533 540 658 566 membra
675 540 841 566 secundaria
864 549 914 566 suo
932 540 1082 574 principali
1106 541 1240 569 membro,
1265 541 1318 567 hoc
1342 543 1384 567 est
1408 551 1457 567 suo
1482 543 1576 575 capiti,
1602 552 1630 569 se
1649 545 1833 573 conformentv

184 590 288 617 nostris
312 593 341 617 et
364 591 475 624 imperii
498 591 605 617 iuribus
629 600 739 625 semper
763 591 856 617 salvis.

293 639 341 677 (2)
364 637 411 668 Eo
434 638 617 678 specialiter
633 638 832 668 observando
854 639 937 669 circa
959 639 1132 669 citaciones
1153 639 1330 677 faciendas,
1364 640 1450 680 quod
1474 640 1576 680 prima
1601 640 1651 671 dic
1674 642 1836 673 notificata.

184 689 238 720 alii
263 689 331 719 dies
355 699 412 719 seu
436 689 563 719 termini
588 699 646 730 per
669 700 702 720 se
728 694 817 720 etex
834 691 1041 731 consequenti
1058 691 1196 726 veniant,
1220 692 1265 721 ita
1289 691 1374 731 quod
1399 701 1495 731 super
1518 691 1588 721 aliis
1614 693 1755 722 terminis
1780 704 1836 724 seu

185 739 296 771 diebus
319 743 392 780 post
416 740 550 780 primam
575 741 683 781 aliqua
707 741 928 771 notificacione
953 740 1083 781 speciali
1109 751 1165 771 seu
1188 741 1405 772 insinuacione
1430 752 1491 771 non
1516 742 1556 771 sit
1581 753 1668 782 opus.

292 792 338 831 (3)
363 791 446 822 Item
476 795 512 822 ut
540 792 611 822 lites
642 796 673 823 et
702 792 820 823 iudicia
848 803 886 823 eo
915 792 1103 823 celeriorem
1127 792 1239 832 finem,
1270 797 1363 833 prout
1392 793 1505 823 rationi
1538 797 1568 823 et
1598 794 1656 823 iuri
1681 796 1835 834 congruit,

184 843 370 881 sorciantur,
395 843 549 883 volumus,
575 844 743 874 statuimus
767 848 800 875 et
817 844 1015 874 ordinamus:
1041 854 1112 875 cum
1137 844 1245 885 aliqua
1269 855 1365 875 causa
1389 855 1445 874 seu
1470 844 1594 884 questio
1619 856 1726 875 coram
1751 846 1836 877 dicto

184 893 425 934 archiepiscopo
450 895 501 925 vel
531 895 594 925 suis
625 895 859 926 successoribus
891 899 922 925 et
951 906 1060 925 corum
1086 896 1214 926 vasallis
1243 906 1299 926 seu
1326 895 1473 926 fidelibus
1503 896 1619 926 fuerint
1643 897 1836 933 ventilanda„

186 947 252 976 sive
284 945 343 976 hoc
371 947 410 976 sit
441 946 523 977 inter
552 946 638 987 ipsos
666 947 943 988 archiepiscopum
979 950 1011 978 et
1041 948 1109 977 eius
1133 957 1334 977 successores
1358 957 1414 987 pro
1440 958 1502 977 una
1526 950 1616 987 parte
1642 952 1674 977 ct
1697 948 1836 989 aliquem

185 997 237 1027 vel
260 997 384 1037 aliquos
409 997 448 1027 de
472 997 600 1028 vasallis
624 1008 664 1028 ex
688 997 790 1028 altera
813 999 878 1028 sive
902 999 984 1028 inter
1007 999 1144 1028 vasallos
1173 1002 1282 1028 mutuo
1314 1001 1346 1028 et
1370 1009 1426 1039 pro
1451 1003 1585 1038 utraque
1617 1003 1721 1039 parte,
1753 1000 1837 1040 quod

184 1047 318 1089 quilibet
342 1048 453 1079 vasalli
478 1048 635 1079 dictorum
660 1049 892 1090 archiepiscopi
921 1053 953 1080 ct
977 1060 1196 1079 successorum
1227 1050 1294 1079 eius
1325 1053 1357 1079 et
1386 1050 1526 1089 ipsorum
1557 1050 1691 1080 ecclesie
1717 1050 1836 1081 Treve-

184 1100 283 1130 rensis
312 1100 433 1140 possint
465 1110 535 1130 esse
567 1100 717 1139 citantes,
747 1101 869 1131 iudices
902 1104 934 1131 et
966 1100 1185 1141 prolocutores
1215 1112 1271 1131 seu
1295 1101 1459 1137 advocati,
1490 1101 1588 1131 etiam
1618 1101 1643 1131 si
1669 1111 1763 1132 causa
1788 1102 1837 1132 vel

185 1151 310 1191 questio
334 1151 514 1181 huiusmodi
540 1151 658 1182 liberos
687 1162 743 1182 seu
768 1152 922 1192 ingenuos
947 1152 1122 1193 vulgariter
1150 1152 1252 1182 dictos
1275 1151 1388 1192 ‘fryen'
1412 1152 1561 1192 respiciat
1585 1153 1634 1182 vel
1660 1153 1836 1193 contingat:

186 1202 335 1243 quodque
360 1202 584 1243 archidyaconi
610 1207 641 1233 et
665 1203 718 1234 alii
743 1204 857 1244 prelati
881 1204 932 1234 vel
957 1203 1063 1234 clerici
1089 1203 1218 1234 feodum
1244 1214 1262 1234 a
1286 1204 1411 1244 prefato
1436 1203 1678 1243 archiepiscopo
1695 1204 1746 1233 vel
1771 1204 1837 1234 cius

184 1254 419 1285 successoribus
444 1254 624 1285 obtinentes
641 1259 847 1296 preterquam
871 1256 902 1284 in
927 1255 1030 1285 causis
1047 1255 1236 1295 sanguinum
1261 1266 1297 1285 nc
1323 1255 1419 1285 etiam
1436 1258 1615 1285 castrenses
1640 1258 1671 1285 ct
1695 1255 1836 1285 ministe-

183 1305 279 1335 riales
303 1316 365 1336 una
389 1316 460 1336 cum
484 1306 555 1336 aliis
580 1306 707 1335 vasallis
731 1306 829 1346 ipsius
853 1306 988 1336 ecclesie
1006 1306 1211 1337 Trevcrensis
1236 1306 1436 1336 sentenciare
1460 1317 1516 1335 scu
1541 1307 1719 1336 sentencias
1743 1317 1838 1346 super

184 1357 316 1398 quesitis
340 1356 447 1388 dicere
472 1357 601 1387 valeant
625 1360 658 1387 et
681 1357 840 1397 proferre,
866 1368 936 1388 cum
962 1357 1002 1388 de
1027 1357 1167 1398 ipsorum
1197 1361 1230 1388 et
1252 1357 1436 1398 specialiter
1459 1357 1615 1387 dictorum
1641 1358 1837 1397 prelatorum

185 1411 218 1438 et
241 1408 427 1438 clericorum
451 1408 525 1438 fidei
550 1409 688 1448 puritate
713 1412 745 1440 et
770 1409 856 1449 quod
880 1409 922 1438 nil
948 1408 1049 1447 aliud,
1084 1420 1179 1449 quam
1211 1409 1296 1449 quod
1329 1410 1444 1439 iustum
1470 1412 1502 1439 et
1526 1409 1638 1439 rationi
1664 1419 1836 1439 consonum

185 1458 290 1495 fuerit,
315 1459 458 1500 proferre
483 1459 632 1498 debeant,
657 1460 697 1489 sit
721 1470 776 1500 pre
801 1460 915 1490 ceteris
940 1460 1055 1490 merito
1080 1460 1344 1500 presumendum:
1374 1464 1406 1491 ct
1437 1460 1522 1501 quod
1551 1470 1646 1500 super
1669 1460 1837 1490 sentenciis

185 1510 436 1551 quibuscumque
467 1521 573 1541 coram
599 1511 682 1541 (licto
707 1511 949 1551 archiepiscopo
974 1511 1023 1541 vel
1053 1512 1117 1541 suis
1148 1512 1384 1542 suecessoribus
1415 1516 1446 1542 et
1478 1522 1587 1542 corum
1613 1511 1740 1541 vasallis
1764 1523 1835 1551 pro-

185 1562 258 1593 latis
281 1566 382 1593 stetur
406 1562 520 1593 litteris
537 1562 676 1593 iudicum
694 1563 743 1593 vel
768 1562 881 1592 iudicis
898 1573 969 1592 cum
991 1563 1195 1603 inscriptione
1213 1563 1392 1604 aliquorum
1409 1562 1551 1593 fidelium
1570 1563 1667 1603 ipsius
1691 1563 1836 1597 ecclesie,

186 1615 239 1654 qui
268 1615 431 1644 sentencie
462 1613 512 1644 vel
546 1615 779 1644 sentenciarum
810 1614 984 1654 prolacioni
1014 1615 1228 1649 interfuerint,
1265 1626 1334 1645 cum
1372 1614 1551 1644 huiusmodi
1577 1615 1694 1644 veritas
1724 1615 1837 1644 merito

186 1665 345 1703 subsistat,
370 1675 431 1706 que
456 1668 521 1695 tam
545 1665 683 1696 iudicum
709 1676 764 1696 seu
789 1665 900 1696 iudicis
926 1676 1021 1706 quam
1046 1665 1186 1696 fidelium
1214 1666 1326 1696 litteris
1350 1666 1532 1696 testimonio
1558 1666 1733 1696 roboratur.

295 1716 342 1756 (4)
368 1716 450 1747 Item
475 1717 641 1747 statuimus
666 1720 697 1747 et
721 1717 923 1758 presentibus
948 1717 1147 1750 ordinamus,
1180 1717 1265 1758 quod
1295 1718 1323 1747 in
1353 1717 1499 1747 omnibus
1524 1721 1554 1747 et
1579 1717 1710 1757 singulis
1734 1717 1836 1746 «tausis

186 1778 242 1798 seu
266 1767 487 1809 questionibus
511 1778 606 1808 super
630 1767 732 1798 feodis
756 1768 806 1798 vel
831 1768 1022 1798 rctrofeodis
1047 1779 1065 1798 a
1090 1768 1234 1808 predicta
1259 1769 1395 1799 ecclesia
1412 1768 1603 1798 Trcvcrensi
1628 1767 1836 1808 dependenti-

186 1819 254 1854 bus,
279 1820 398 1849 exortis
420 1830 456 1849 ac
482 1819 579 1850 etiam
604 1819 755 1858 oriundis,
779 1819 833 1849 ubi
857 1819 964 1860 aliqua
989 1821 1126 1860 partium
1151 1830 1184 1850 se
1209 1824 1373 1860 gravatam
1400 1820 1543 1853 senserit,
1569 1819 1626 1849 hcc
1651 1819 1691 1849 ad
1716 1829 1836 1848 memo-

186 1874 288 1901 ratum
306 1870 580 1911 archiepiscopum
599 1871 648 1901 vel
673 1871 740 1901 eius
757 1881 956 1901 successores
981 1882 1038 1911 pro
1064 1875 1208 1911 tempore
1227 1872 1402 1902 existentes
1420 1876 1581 1911 tamquam
1599 1870 1639 1900 ad
1657 1870 1837 1910 superiores

187 1920 262 1953 dicti
287 1922 373 1952 feodi
398 1922 544 1952 dominos
569 1923 668 1962 possit
691 1922 847 1962 legittime
865 1922 1041 1962 appellare.
1081 1922 1121 1952 Et.
1145 1923 1170 1952 si
1194 1923 1224 1952 in
1249 1923 1356 1963 aliqua
1381 1932 1476 1952 causa
1494 1932 1600 1951 coram
1626 1921 1710 1951 dicto
1734 1921 1836 1950 archi-

190 1974 340 2014 episcopo
365 1973 415 2003 vcl
446 1973 514 2003 eius
545 1973 781 2004 successoribus
812 1978 844 2004 ct
868 1984 978 2004 eorum
1003 1974 1131 2004 vasallis
1155 1974 1339 2004 ventilanda
1364 1973 1500 2003 vasallos
1529 1973 1706 2003 sentencias
1731 1972 1836 2012 profe-

185 2030 290 2056 rentes
314 2024 476 2055 discordes
501 2034 570 2055 esse
595 2025 774 2065 contigerit,
800 2025 897 2055 etiam
921 2026 945 2055 si
970 2026 1072 2055 maior
1096 2036 1169 2065 pars
1192 2026 1223 2055 in
1247 2036 1342 2055 unam
1367 2025 1563 2054 sentenciam
1583 2023 1836 2057 concordaverit,

184 2075 329 2106 volumus
353 2076 510 2115 similiter,
534 2076 620 2117 quod
643 2076 786 2116 prefatus
811 2077 1071 2117 archiepiscopus
1096 2082 1127 2107 ct
1151 2077 1219 2107 eius
1243 2087 1457 2113 successores,
1490 2075 1541 2105 uhi
1566 2075 1614 2105 ius
1638 2075 1688 2104 vel
1713 2075 1837 2114 equitas

184 2127 235 2158 vel
259 2127 321 2158 alie
346 2137 442 2158 cause
468 2127 673 2158 rationabiles
698 2138 753 2158 eos
777 2129 944 2165 moverint,
969 2139 1065 2168 super
1089 2138 1185 2158 causa
1202 2128 1383 2158 huiusmodi
1408 2138 1464 2158 seu
1489 2137 1584 2166 super
1600 2125 1835 2166 prolacionibus

186 2179 419 2209 sentenciarum
451 2179 495 2208 sic
524 2179 555 2208 in
586 2178 751 2209 discordiis
780 2178 976 2219 prolatarum
1005 2179 1047 2209 ad
1078 2180 1199 2209 curiam
1231 2179 1374 2219 regalem
1399 2178 1449 2209 vel
1480 2177 1680 2218 imperialem
1710 2176 1837 2206 valeant

188 2240 362 2270 provocare
387 2231 445 2267 ita,
479 2230 564 2270 quod
595 2229 670 2260 dicti
694 2230 952 2271 archiepiscopus
982 2234 1013 2261 et
1043 2231 1109 2261 eius
1139 2241 1338 2261 successores
1369 2240 1497 2260 causam
1527 2227 1709 2259 huiusmodi
1739 2228 1836 2256 intro-

186 2280 302 2311 ducere
324 2282 446 2322 possint
471 2281 512 2311 ad
537 2281 738 2321 imperialem
763 2282 812 2312 vel
837 2281 980 2322 regalem
1005 2282 1123 2312 curiam
1148 2286 1360 2322 prenotatam.

294 2353 400 2393 (XIV)
430 2359 501 2384 Item
527 2359 654 2384 volumus
684 2360 712 2384 et
735 2357 913 2384 concedimus
940 2358 1030 2384 eidem
1061 2358 1274 2392 archiepiscopo
1299 2358 1411 2390 suisque
1437 2356 1644 2383 successoribus
1669 2357 1697 2380 et
1721 2354 1836 2380 ecclesie

185 2407 366 2439 Treverensi,
400 2409 476 2442 quod
507 2418 602 2435 omnes
632 2412 660 2436 et
690 2409 793 2443 singuli
825 2409 1060 2435 excommunicati
1090 2411 1119 2435 et
1147 2409 1409 2435 excommunicandi
1434 2408 1469 2434 ab
1494 2407 1599 2433 eisdem
1623 2405 1834 2438 archiepiscopo

187 2459 278 2486 suisve
302 2460 422 2486 subditis
448 2461 524 2486 ultra
547 2469 651 2487 annum
680 2463 709 2487 et
737 2461 811 2486 diem
843 2460 871 2485 in
900 2460 998 2486 eadem
1029 2460 1321 2486 excommunicacione
1352 2459 1536 2494 pertinaciter
1564 2458 1776 2491 perseverantes
1802 2455 1835 2480 ml

188 2510 312 2544 ipsorum
339 2512 570 2545 remxisicionem,
606 2508 646 2538 ad
677 2518 811 2548 quorum
836 2507 1025 2537 instanciam
1057 2508 1325 2538 excommunicati
1354 2507 1484 2543 fuerint,
1516 2509 1727 2543 proscribantur
1756 2509 1781 2532 vt
1808 2506 1835 2531 in

186 2561 279 2588 banno
309 2563 412 2597 regali,
443 2563 518 2596 quod
542 2563 697 2597 vulgariter
726 2563 829 2589 dicitur
851 2557 919 2588 ‘dfin
948 2563 977 2588 in
1005 2563 1050 2589 die
1079 2558 1180 2592 achte³v
1209 2565 1352 2596 ponantur
1381 2564 1410 2588 et
1433 2561 1530 2587 stricte
1554 2562 1716 2586 teneanturv
1748 2558 1834 2582 donec

186 2613 321 2639 redierint
345 2614 379 2640 ad
404 2614 521 2640 ecclesie
545 2615 693 2641 unitatem.

293 2681 378 2722 (XV,
402 2681 430 2723 l)
464 2682 546 2713 Item
575 2686 693 2713 statuto
724 2686 880 2723 perpetuo
912 2682 1101 2719 sanctinum,
1137 2687 1171 2712 ut
1200 2682 1283 2712 dicte
1313 2680 1516 2711 Trevcrensis
1552 2678 1684 2708 ecclesie
1714 2674 1833 2705 vasalli.

185 2732 410 2774 cuiuscumque
435 2737 536 2764 status
560 2734 610 2764 vel
634 2734 865 2774 preeminentie
891 2733 1072 2771 extiterint,
1098 2733 1194 2764 feoda
1218 2743 1274 2763 sua
1298 2732 1379 2763 iufra
1404 2741 1519 2762 annum
1544 2734 1575 2760 et
1600 2729 1683 2759 diem
1708 2739 1726 2758 a
1751 2725 1833 2755 dicte
