2189 2984
606 146 704 173 ACTA
722 145 835 172 REGNI
855 145 991 173 KAROLI
1010 145 1057 171 IV.
1096 145 1170 171 1347.
1206 145 1253 171 Nr.
1268 145 1325 172 224.
1345 147 1402 172 225.
1422 148 1480 175 226.
1805 159 1865 189 283

216 233 441 273 Traiectensis,
458 233 671 274 capellanum,
688 232 905 264 comensalem
922 236 955 263 et
971 232 1163 263 familiarem
1179 235 1322 264 nostrum
1338 237 1492 276 tuumque
1508 236 1639 268 fidelem
1656 241 1688 269 et
1705 239 1865 283 devotum,

215 284 257 315 ad
281 288 322 324 te,
347 284 392 315 fili
416 285 588 324 carissime,
618 284 779 315 destinare
803 284 973 322 vellemus,
1004 294 1079 315 ecce
1110 284 1197 325 quod
1221 285 1323 325 ipsum
1354 297 1450 327 super
1476 290 1570 319 certis
1593 300 1651 330 per
1678 302 1736 322 nos
1761 293 1866 325 eidem

213 336 372 376 impositis
388 339 506 377 tueque
524 335 765 376 magnificencie
782 336 852 366 vive
869 335 955 366 vocis
977 335 1105 366 oraculo
1123 335 1247 375 plenius
1265 336 1464 377 explicandis
1480 340 1634 372 mittimus
1650 342 1865 386 informatum,

214 387 264 417 cui
288 397 384 428 super
412 388 457 418 eis
486 390 540 417 tua
569 387 687 427 regalis
717 386 894 417 sublimitas
922 386 1020 417 fidem
1048 386 1202 418 adhibeat
1226 398 1399 428 quesumus
1422 390 1601 427 credulam,
1627 396 1659 424 et
1682 405 1740 435 per
1762 397 1866 436 ipsum

181 448 193 467 5
213 442 279 469 tam
311 448 408 479 super
436 439 482 469 eis
512 448 608 479 quam
636 439 719 475 aliis,
749 449 810 479 que
840 441 893 469 tue
922 439 1204 479 circumspeccioni
1235 441 1446 480 occurrerint,
1475 445 1528 473 tue
1556 444 1646 474 nobis
1677 446 1867 479 fiducialiter

214 491 346 521 nuncies
370 490 607 530 beneplacitum
630 490 812 520 voluntatis
859 490 1010 521 Ceterum
1039 501 1140 531 nuper
1168 490 1319 522 dilectum
1350 491 1449 523 filium
1477 495 1664 534 magistrum
1689 497 1865 531 Geraldum

214 541 254 572 (16
270 541 427 582 Magnaeo
452 540 711 572 archidiaconum
736 541 776 572 de
794 541 945 572 Bautesio
963 542 995 572 in
1012 542 1147 572 ecelesia
1165 541 1410 583 Constantiensi,
1432 545 1508 575 iuris
1524 546 1624 576 civilis
1639 549 1865 589 professorem,

213 592 413 634 capellanum
431 596 574 623 nostrum
598 603 635 623 ae
652 596 741 623 tuum
758 592 898 633 fidelem,
920 593 1134 624 consiliarium
1160 596 1192 624 et
1208 593 1370 634 devotum,
1394 595 1436 626 ad
1459 599 1501 635 te,
1525 597 1568 627 fili
1586 597 1800 639 dilectissime,
1825 602 1864 633 de

212 647 320 674 nostra
350 644 531 674 intencione
562 654 658 685 super
691 643 883 685 quibusdam
916 645 1018 675 eciam
1048 645 1191 685 plenarie
1219 645 1425 677 informatum
1456 649 1652 688 providimus
1682 653 1866 692 specialiter

170 704 193 722 10
212 695 445 735 destinandum,
470 695 550 726 sieut
574 696 642 736 ipse
667 698 720 726 tue
745 695 846 736 regali
871 696 1066 727 excellencie
1091 696 1210 727 referet
1234 700 1266 727 et
1288 697 1319 728 in
1344 698 1458 729 litteris
1481 701 1674 741 apostolicis,
1703 713 1782 744 quas
1806 704 1864 735 sibi

213 746 369 788 assignari
393 746 535 786 fecimus,
560 747 739 777 continetur
749 747 769 778 ¹.

318 806 439 838 Datum
463 806 620 838 Avinione
644 806 755 838 XIIII.
782 806 854 838 Kal.
880 807 966 847 Maii,
993 819 1075 838 anno
1101 809 1220 850 quinto.

674 954 745 983 225.
771 954 842 983 226.
877 952 1100 984 LITTERAE
1125 953 1400 986 CONDUOTUS.

585 1049 669 1084 9225.
712 1049 865 1084 Litterae
892 1050 1034 1094 sinuatis
1060 1051 1222 1086 directae.
1254 1072 1301 1076 ——
1330 1052 1417 1097 Aps.
1439 1055 1496 1089 18.

166 1137 189 1155 15
317 1123 438 1154 Ibidem
461 1123 514 1161 fol.
531 1123 595 1153 269
618 1133 666 1153 nr.
685 1124 906 1155 1205-1207,
957 1124 1097 1156 Contulit
1120 1125 1159 1156 F.
1178 1125 1275 1156 Kern.
1299 1146 1339 1149 —
1364 1127 1425 1158 Ed.
1443 1128 1597 1160 Klicmcm
1620 1131 1692 1161 868.

317 1209 505 1240 Venerabili
529 1209 616 1239 fratri
642 1209 821 1239 Bertrando
847 1210 1027 1250 patriarche
1052 1211 1272 1252 Asplilegensi.

317 1260 396 1291 Cum
421 1271 478 1291 nos
503 1260 655 1291 dilectum
679 1261 778 1291 filiuni
803 1262 990 1302 magistrum
1008 1262 1184 1293 Iohannem
1207 1263 1246 1294 de
1264 1263 1402 1295 Pistor-io
1421 1264 1578 1297 decanum
1603 1268 1738 1300 ecclesie
1762 1272 1860 1301 sancti

209 1312 383 1344 Salvatoris
408 1312 637 1350 Traieetensis,
667 1312 886 1353 capellanum,
912 1314 1161 1345 commensalem
1186 1318 1218 1345 et
1242 1315 1435 1346 familiarem
1460 1321 1616 1357 nostrum,
1647 1320 1860 1353 exhibitorem

208 1365 419 1406 presencium,
452 1364 493 1394 ad
522 1364 718 1394 carissimum
754 1365 783 1394 in
819 1364 945 1395 Christo
982 1365 1080 1396 filium
1110 1369 1250 1396 nostrum
1283 1366 1435 1398 Carolum
1470 1379 1579 1410 regem
1612 1370 1860 1413 Roman(orum)

165 1424 190 1444 20
208 1416 365 1447 illustrem
382 1427 439 1456 pro
457 1417 551 1446 certis
568 1416 710 1456 negociis
727 1415 933 1450 destinemus,
958 1416 1191 1448 fraternitatem
1209 1422 1296 1448 tuam
1316 1430 1466 1459 rogamus
1491 1424 1523 1451 et
1544 1421 1708 1453 hortamur
1728 1427 1860 1464 attente,

208 1471 364 1509 quatenus
388 1468 501 1508 ipsum,
526 1478 598 1498 cum
623 1478 680 1508 pcr
704 1471 804 1498 terras
829 1471 860 1498 et
885 1468 955 1498 loca
980 1474 1033 1499 tua
1058 1469 1163 1500 eundo
1192 1474 1224 1500 et
1248 1470 1412 1501 redeundo
1438 1473 1633 1511 transiverit,
1658 1475 1778 1506 habens
1802 1487 1859 1517 pro

207 1526 316 1550 nostra
339 1522 371 1549 et
395 1519 569 1559 apostolice
595 1519 679 1549 sedis
702 1520 888 1550 reverencia
913 1520 1132 1551 favorabiliter
1156 1522 1414 1552 commendatum
1444 1523 1549 1555 eidem
1580 1525 1619 1555 de
1649 1537 1760 1557 securo
1785 1538 1859 1558 con-

207 1571 304 1602 ductu
329 1581 384 1612 pro
409 1581 442 1600 se
467 1571 595 1611 suisque
620 1570 829 1601 familiaribus
853 1576 885 1602 ct
909 1571 1003 1602 rebus
1027 1583 1085 1613 per
1114 1576 1215 1603 terras
1239 1576 1271 1603 ct
1300 1574 1371 1604 loca
1395 1574 1540 1615 predicta
1572 1577 1615 1607 sic
1646 1583 1793 1619 prompte
1822 1590 1858 1610 ac

207 1622 307 1653 libere
331 1621 501 1662 providere
526 1632 691 1662 procures.
724 1622 809 1663 quod
834 1623 915 1663 ipse,
950 1633 1021 1653 cum
1047 1623 1087 1654 ad
1112 1635 1169 1654 nos
1193 1623 1337 1661 redierit,
1370 1625 1409 1656 de
1435 1629 1465 1657 te
1489 1632 1581 1667 grata
1610 1629 1729 1660 referre
1753 1631 1860 1662 valeat

163 1684 187 1703 25
205 1684 267 1705 non
292 1673 429 1714 indigne.

312 1725 431 1756 Datum
456 1724 636 1755 Avinionea
660 1724 771 1755 XIIII.
796 1725 868 1758 Kal.
894 1725 980 1762 Maii,
1005 1737 1088 1757 anno
1113 1728 1253 1768 quintoa.

312 1803 439 1833 Dilecto
469 1801 534 1832 filio
565 1801 663 1832 nobili
687 1803 754 1833 viro
778 1802 912 1834 Alberto
937 1804 1009 1834 duci
1032 1805 1171 1836 Austrie.
1223 1806 1304 1837 Cum
1328 1818 1385 1837 nos
1410 1806 1560 1839 dilectum
1587 1813 1655 1839 etc.
1682 1814 1720 1840 ut
1743 1821 1857 1851 supra

207 1854 339 1885 verbis
363 1856 634 1895 competenter
658 1855 831 1885 mutatis
877 1855 997 1886 Datum
1022 1860 1061 1886 ut
1085 1867 1209 1897 supra.

312 1906 438 1937 Dileete
469 1907 500 1935 in
525 1905 650 1936 Christo
684 1906 748 1936 filie
777 1906 875 1937 nobili
905 1908 1029 1938 mulieri
1058 1908 1183 1939 ducisse
1208 1909 1346 1940 Austrie.
1400 1910 1480 1940 Uum
1505 1922 1561 1940 nos
1585 1916 1655 1942 etc.
1681 1917 1718 1943 ut
1742 1923 1856 1953 supra

162 1966 187 1986 30
206 1957 339 1988 verbis
364 1960 636 1997 competenter
660 1958 831 1988 mutatis,
878 1957 997 1989 Datum
1022 1963 1060 1989 ut
1084 1970 1209 2000 supra.

651 2105 736 2140 226.
779 2105 932 2141 Litterae
957 2108 1139 2149 (lenm-ales.
1168 2130 1217 2132 —
1247 2110 1334 2153 μίμν’.
1356 2111 1413 2143 18,

290 2180 412 2211 Ibidem
430 2179 454 2218 f.
471 2181 535 2209 313
550 2189 599 2209 nr.
614 2179 705 2210 1399.
741 2178 918 2219 Descripsit
935 2180 974 2212 R.
990 2180 1146 2213 Salomon.
1176 2201 1210 2204 —
1237 2183 1329 2213 Εείν.
1346 2183 1500 2214 Klz'emcm
1515 2185 1587 2214 861).
1614 2203 1652 2206 -—
1679 2185 1852 2217 Meditata.

310 2264 558 2296 Venerabilibus
583 2264 733 2296 fratribus
757 2270 827 2296 etc.
852 2270 893 2296 ut
915 2277 1033 2308 supra
1057 2278 1176 2308 usque
1202 2269 1440 2308 pervenerint'·*-⁴

310 2317 389 2348 Cum
413 2327 470 2347 nos
495 2316 646 2347 dilectum
670 2316 769 2347 filium
794 2319 980 2359 magistrum
999 2319 1176 2350 [ohannein
1201 2320 1240 2350 (16
1263 2320 1401 2350 Pistorio
1426 2320 1582 2351 decanum
1601 2321 1736 2352 ecclesie
1754 2323 1854 2353 sancti

160 2375 185 2396 35
205 2367 380 2399 Salvaton's
404 2368 631 2407 Traieotensis,
662 2369 864 2409 capellanum
897 2372 930 2400 et
953 2369 1144 2401 familiarem
1168 2374 1325 2411 nostrum,
1355 2371 1568 2402 exhibitorem
1592 2374 1788 2413 presentium
1813 2373 1854 2404 ad

312 2453 338 2481 *l
359 2465 390 2475 =
409 2455 532 2479 nr.1379
549 2453 662 2478 ciusdem
680 2453 797 2486 reyistri:
823 2453 999 2487 patriarchis,
1019 2454 1256 2488 archiepiscopisa
1275 2457 1304 2482 et
1323 2456 1462 2490 episcopis
1481 2465 1513 2483 ac
1533 2457 1644 2483 dilectis
1663 2458 1728 2484 filiis
1747 2458 1850 2489 electis,

357 2495 516 2526 abbatibus,
536 2495 686 2529 prioribus,
707 2495 830 2527 decanis,
850 2496 1012 2530 prepositis,
1033 2497 1244 2529 archidiaconis,
1265 2498 1518 2532 archipresbiteris,
1540 2500 1679 2533 plebanis,
1698 2501 1851 2527 rectoribus

356 2541 383 2565 et
407 2538 470 2564 aliis
495 2538 673 2565 ecclesiarum
698 2538 815 2572 prelatis
838 2539 881 2565 vel
905 2547 997 2565 eorum
1023 2539 1096 2566 vices
1124 2541 1286 2574 gerentibus
1313 2543 1341 2568 et
1365 2542 1488 2575 personis
1513 2543 1710 2569 ecclesiasticis
1739 2543 1849 2576 quibus-

304 2632 369 2659 225.
399 2633 421 2665 a)
440 2637 470 2658 ut
487 2642 565 2666 supra
584 2633 615 2658 R.

158 2696 184 2715 4⁰
304 2692 368 2718 2⁶26.
397 2693 419 2724 ³)
439 2693 665 2725 archipresbyteris
685 2692 715 2717 H.

306 2761 330 2792 1>
351 2759 441 2792 Supra
462 2767 502 2785 m'.
518 2762 571 2785 163.
