2189 2984
166 696 190 714 10

165 953 188 972 15

161 1479 184 1498 25

160 1737 184 1755 30

159 1996 181 2014 35

157 2253 182 2270 40

676 124 773 150 ACTA
791 124 904 150 REGNI
924 123 1059 150 KAROLI
1079 123 1126 150 IV.
1164 123 1238 150 1348.
1276 125 1321 150 ΝΥ.
1336 126 1393 151 559.
1799 129 1859 161 500

210 215 336 242 nioribus
355 216 504 244 honoribus
524 220 552 245 et
570 218 782 252 gratiosioribus
801 218 942 246 beneficiis
969 218 1097 252 prosequi
1121 218 1266 251 cupientes
1291 227 1369 244 nosse
1395 228 1441 245 vos
1465 220 1589 247 volumus
1613 222 1761 255 universos,
1786 224 1859 257 quod

210 267 327 294 eundem
345 276 438 302 regem
452 269 485 295 de
504 269 710 304 principatibus
728 270 807 304 regni
828 270 938 296 Boemie
958 272 986 296 et
1005 270 1212 296 marchionatus
1226 270 1348 296 Moravie
1368 279 1400 296 ac
1420 271 1545 297 omnibus
1558 271 1644 298 feodis
1658 273 1740 300 dictis
1755 274 1861 301 duobus

212 318 418 352 principatibus
437 320 630 351 attinentibus,
654 329 722 354 quos
741 323 841 354 etque
861 322 935 348 clare
954 321 1084 348 memorie
1110 323 1191 355 pater
1213 324 1242 348 et
1267 322 1459 355 progenitores
1483 323 1604 349 eiusdem
1629 324 1701 351 iuste
1724 328 1752 352 et
1775 327 1860 352 ratio-

210 370 345 397 nabiliter
372 371 408 397 ab
434 371 549 405 imperio
571 374 728 404 tenuerunt,
751 373 921 399 auctoritate
944 373 1118 406 presencium
1143 373 1306 400 investimus
1331 373 1412 406 eique
1431 373 1521 400 dictos
1540 374 1714 408 principatus
1734 379 1761 403 et
1780 377 1861 404 feoda

211 421 378 456 simpliciter
396 423 566 450 auctoritate
585 424 663 457 regia
683 424 882 451 confirmamus.
919 424 954 451 Et
973 424 1040 457 [plia
1065 433 1118 450 non
1144 424 1262 450 multum
1290 425 1382 458 gratie
1412 427 1491 451 tante
1518 426 1644 459 potentie
1669 429 1697 453 et
1721 428 1859 454 claritatis

210 472 268 500 viro
288 482 336 507 per
354 473 409 500 ista
429 474 553 500 videmur
571 474 738 508 impendere,
764 484 816 508 que
836 477 946 502 constat
965 476 1053 502 claros
1073 475 1262 509 progenitores
1282 484 1344 501 suos
1363 475 1492 502 officiosis
1517 476 1657 503 laboribus
1681 480 1709 504 et
1732 479 1860 512 gloriosis

209 524 319 551 actibus
338 525 476 556 meruisse,
496 534 544 552 nos
563 525 654 559 ipsum
674 536 723 560 pro
742 535 788 552 sue
808 527 964 553 devotionis
984 527 1090 553 meritis
1116 528 1225 561 plenius
1249 530 1277 553 et
1302 527 1439 560 insignius
1463 528 1598 554 honorare
1624 530 1747 556 volentes
1770 531 1859 557 eidem

208 577 268 610 regi
287 579 316 602 et
336 577 391 603 suis
411 577 560 611 legittimis
584 578 741 610 heredibus,
766 579 813 612 qui
838 579 863 606 ei
890 579 917 605 in
941 579 1021 606 bonis
1044 579 1200 605 feodalibus
1229 579 1379 605 secuudum
1406 579 1448 605 ius
1479 581 1507 605 et
1536 581 1761 607 consuetudinem
1789 583 1860 608 sacri

208 627 319 661 imperii
338 628 371 654 de
390 628 448 654 inre
468 630 600 662 poterunt
618 632 645 656 et
666 630 810 656 habebunt
828 631 981 661 succedere,
1006 639 1056 664 pro
1082 630 1162 657 nobis
1186 632 1214 657 et
1239 631 1340 657 nostris
1363 631 1566 657 successoribus
1593 632 1808 665 imperatoribus
1832 636 1860 660 et

209 678 320 712 regibus
341 679 470 706 Romanis
490 680 553 707 illos
572 681 639 707 duos
659 682 765 708 nobiles
785 682 968 716 principatus,
988 682 1120 708 ducatum
1140 682 1272 709 videlieet
1290 682 1402 708 Austrie
1423 684 1451 709 et
1470 683 1690 709 marchionatum
1704 684 1804 717 Styrie.
1825 685 1859 711 ad

209 738 320 756 manum
340 730 449 764 imperii
469 733 497 758 et
515 732 551 758 ad
570 734 691 759 nostram
711 733 745 759 de
764 733 823 759 iure
836 733 922 759 libere
936 733 1080 759 devolutos
1100 742 1161 759 cum
1175 733 1302 759 omnibus
1321 733 1408 759 feodis
1422 734 1456 759 ad
1471 734 1560 761 dictos
1574 734 1641 760 duos
1656 735 1860 768 pertinentibus

209 781 384 816 principatus
409 783 444 809 ab
465 783 580 817 imperio
600 784 704 810 debitis
727 786 755 810 et
780 784 918 811 consuetis
942 784 1030 810 teneri
1056 784 1233 817 integraliter
1257 788 1286 810 et
1311 785 1477 818 simpliciter
1503 785 1530 811 in
1555 786 1665 812 feodum
1685 787 1860 813 concedimus

209 833 290 866 eique
313 836 341 860 et
360 834 516 861 huiusmodi
540 835 596 861 suis
622 835 770 862 heredibus
794 836 822 861 in
847 838 1011 869 perpetuum
1037 835 1172 869 presentis
1196 835 1293 869 scripti
1319 837 1476 869 patrocinio
1503 837 1662 863 stabilimus
1688 839 1723 864 ab
1748 839 1808 872 ipso
1832 842 1861 866 et

207 885 264 911 suis
290 886 449 917 heredibus,
472 887 704 920 quemadmodum
728 889 770 913 est
793 888 987 921 prescriptum,
1012 887 1070 914 iure
1093 890 1121 913 et
1145 887 1229 914 titulo
1253 888 1358 914 feudali
1384 890 1519 921 perpetuo
1544 889 1730 922 possidendos.
1773 890 1860 916 Nulla

208 937 295 972 igitur
314 946 431 971 persona
450 938 577 964 sublimis
602 940 644 965 vel
669 939 792 971 humilis,
815 940 1007 966 ecclesiastica
1034 940 1075 966 vel
1101 940 1241 966 mundana
1264 942 1406 973 presumat
1432 941 1513 966 huius
1539 943 1630 967 nostre
1660 942 1859 973 investitionis,

208 990 425 1016 confirmationis
444 992 471 1016 et
491 991 674 1017 concessionis
694 993 787 1017 nostre
808 991 939 1025 paginam
965 991 1116 1025 infringere
1142 991 1184 1018 vel
1210 992 1234 1017 ei
1259 1000 1326 1017 ausu
1352 992 1500 1018 temerario
1526 992 1670 1018 contraire.
1710 993 1787 1024 Quod
1811 995 1858 1026 qui

207 1041 312 1072 fecerit,
333 1041 393 1075 ipso
413 1042 487 1068 facto
506 1050 534 1068 se
554 1042 663 1069 noverit
688 1043 810 1069 bannum
834 1042 943 1076 imperii
969 1045 997 1069 et
1021 1046 1113 1069 nostre
1138 1044 1269 1069 offensam
1294 1043 1469 1069 celsitudinis
1494 1043 1648 1070 incurrisse.
1692 1044 1721 1069 Iu
1745 1045 1859 1071 istorum

207 1095 301 1119 autem
321 1092 509 1119 testimonium
529 1095 557 1120 et
581 1094 749 1120 evidentiam
775 1094 927 1127 pleniorem
952 1103 1063 1128 presens
1087 1095 1222 1128 scriptum
1247 1095 1346 1121 exinde
1370 1095 1507 1121 conscribi
1533 1098 1561 1121 et
1585 1095 1677 1128 sigillo
1704 1097 1859 1124 maiestatis

206 1146 299 1171 nostre
319 1144 446 1171 iussimus
465 1145 638 1171 communiri.

311 1197 412 1224 Datum
436 1197 603 1230 Aquisgrani
630 1197 686 1223 IX&
713 1198 757 1223 die
777 1198 909 1231 Augusti,
939 1198 1090 1223 indictione
1119 1198 1229 1231 quinta,
1259 1207 1330 1224 anuo
1356 1199 1466 1224 bomini
1496 1199 1642 1225 millesimo
1670 1200 1858 1227 ducentesimo

206 1249 377 1283 sexagesimo
395 1250 523 1279 secundo,
542 1250 619 1283 regni
640 1258 702 1275 vero
722 1249 808 1275 nostri
827 1252 913 1276 sexto.

205 1309 313 1336 nostra
348 1306 535 1337 confirmare
570 1307 762 1338 auctoritate
798 1308 887 1346 regia
922 1306 1136 1347 dignaremur.
1194 1306 1261 1337 Nos
1295 1307 1406 1347 utique
1443 1307 1639 1347 prefatorum
1676 1333 1682 1339 .
1710 1335 1714 1339 .
1753 1309 1857 1349 prela-

206 1362 324 1396 torum,
350 1382 379 1388 ..
404 1357 535 1397 dueum,
562 1382 592 1388 ..
618 1359 809 1399 principum¹
837 1382 868 1389 ..
894 1359 1062 1394 barmmm,
1089 1383 1119 1389 ..
1145 1369 1314 1399 procerum
1346 1362 1377 1389 et
1402 1359 1570 1395 nobilium,
1596 1371 1675 1400 quos
1704 1360 1857 1400 honorus)

205 1412 237 1440 et
262 1408 362 1440 felicis
386 1413 487 1440 status
510 1409 648 1440 Romani
672 1411 760 1451 regni
786 1414 818 1441 et
841 1411 921 1440 sacri
947 1410 1071 1450 imperii
1101 1410 1213 1441 fideles
1241 1414 1273 1441 et
1302 1410 1455 1440 sollicitos
1484 1421 1540 1451 pre
1569 1413 1685 1442 ceteris
1714 1413 1859 1442 novimus

205 1461 370 1497 zelatores,
396 1462 564 1502 ipsumque
588 1472 721 1502 reguum
746 1463 880 1492 Boemie
905 1462 1042 1492 Romani
1068 1463 1157 1501 regni
1182 1462 1361 1493 membrum
1386 1463 1453 1493 fore
1479 1463 1625 1499 nobilius,
1651 1464 1857 1504 supplicatio-

204 1511 297 1542 nibus
322 1511 487 1552 benignius
511 1513 662 1551 inclinati,
688 1514 829 1554 prefatas
853 1514 975 1544 litteras
999 1524 1035 1543 ae
1054 1514 1161 1544 omnia
1185 1518 1217 1544 et
1240 1514 1365 1553 singula
1389 1518 1540 1544 contenta
1557 1515 1587 1544 in
1605 1515 1727 1545 eisdem
1746 1516 1856 1546 lauda-

204 1574 283 1600 mus,
320 1564 522 1601 ratificamus„
558 1565 784 1605 apsa-(ibamus,
818 1566 1041 1595 confirmamus
1076 1569 1107 1595 et
1141 1565 1181 1595 de
1212 1576 1294 1596 novo
1327 1576 1366 1596 ex
1398 1569 1486 1596 certa
1517 1566 1650 1596 scientia
1681 1567 1720 1597 de
1751 1570 1857 1598 nostre

203 1615 349 1646 Romane
374 1616 462 1657 regie
487 1616 684 1656 plenitudine
710 1618 878 1657 potestatis
903 1617 1028 1653 damus5
1061 1620 1171 1647 tenore
1196 1617 1392 1657 presentium
1418 1617 1611 1648 conferimus
1636 1621 1667 1648 et
1692 1618 1857 1657 donamus,

203 1667 347 1698 volentes
372 1667 411 1697 de
436 1667 575 1698 uberiori
600 1668 683 1698 dono
708 1669 811 1708 gratie
836 1668 982 1699 Romane
1008 1669 1096 1708 regie
1126 1672 1158 1699 et
1182 1668 1394 1699 concedentes
1419 1679 1587 1709 expresse⁷
1617 1669 1701 1710 quod
1734 1672 1797 1700 tam
1826 1670 1857 1700 in

204 1718 319 1748 iudicio
344 1728 439 1759 quam
465 1722 566 1758 extra,
591 1719 771 1760 ubieunque
796 1720 1012 1750 necessarium
1037 1720 1133 1750 fuerit
1156 1723 1210 1750 aut
1234 1721 1331 1750 etiam
1356 1723 1562 1760 oportunum,
1588 1722 1701 1750 nostris
1726 1732 1856 1761 presen—

203 1769 287 1800 tibus
311 1770 404 1800 velud
429 1770 580 1811 predictis
605 1771 811 1812 originalibus
836 1771 949 1802 litteris
973 1771 1167 1802 adhibeatur
1191 1772 1231 1802 ab
1257 1771 1402 1802 omnibus
1427 1776 1458 1802 et
1482 1772 1614 1812 singulis
1643 1772 1738 1812 plena
1767 1773 1855 1807 fides,

203 1825 391 1863 nostrasque
416 1827 582 1862 presentes
606 1823 698 1853 <lictis
727 1823 925 1864 eqnipollere
956 1824 1164 1864 originalibus
1194 1834 1250 1864 per
1281 1825 1387 1854 onmia
1417 1824 1630 1863 decerminus,
1662 1825 1856 1864 precipimus

203 1877 235 1904 et
258 1873 456 1904 mandamus.
504 1874 606 1905 Huius
631 1876 675 1905 rei
700 1879 799 1905 testes
823 1879 895 1905 sunt
919 1875 1074 1905 Gerlacus
1098 1875 1358 1916 archiepiscopus
1382 1876 1596 1915 Maguntinus,
1626 1877 1705 1906 sacri
1731 1876 1856 1916 imperii

202 1935 260 1965 per
283 1924 489 1956 Germaniam
514 1925 828 1965 archicancellarius,
858 1926 1048 1967 Rndolphus
1073 1927 1178 1957 senior
1202 1927 1267 1957 (lux
1293 1926 1449 1965 Saxonie,
1481 1928 1560 1958 sacri
1587 1927 1709 1967 imperii
1736 1937 1855 1957 mares-

202 1977 317 2017 calcus,
339 1977 530 2017 Rudolphus
548 1978 650 2008 iunior
666 1978 805 2009 Saxouie
824 1982 855 2009 et
871 1978 1054 2009 Friderieus
1071 1979 1110 2009 de
1128 1978 1220 2009 Deck
1238 1979 1345 2017 duces7
1370 1979 1530 2009 Iohannes
1548 1978 1734 2018 burgravius
1752 1978 1855 2008 Nnrn-

200 2028 379 2069 bergensiS„
410 2029 536 2060 Uli-icus
564 2029 759 2070 lantgravius
791 2030 830 2060 de
854 2030 1128 2071 Lynglnmbercln
1160 2030 1343 2061 Frideriens
1374 2030 1414 2060 de
1439 2030 1633 2063 ‹ult-mund„
1664 2029 1790 2060 Ulrieus
1815 2029 1855 2059 de

201 2079 405 2111 Helfenstein
430 2084 461 2111 et
477 2080 667 2121 Rudolplms
692 2081 731 2112 de
750 2081 917 2113 NVerthem
935 2083 1078 2118 comites„
1103 2082 1218 2112 Petrus
1244 2082 1283 2112 sle
1301 2081 1415 2121 Heu-y,
1440 2081 1549 2112 erasto
1576 2080 1615 2111 de
1632 2080 1855 2117 nohenlochd,

202 2131 368 2162 Gotfridus
388 2131 428 2163 de
445 2132 604 2171 Pmmeek,
628 2133 824 2164 Ebirhardns
842 2133 881 2164 de
901 2133 1034 2169 Waltsd
1059 2133 1240 2164 Friderieus
1262 2133 1301 2163 de
1320 2133 1454 2169 Waltso,
1479 2132 1591 2172 Eglolf
1608 2132 1648 2162 (le
1667 2131 1802 2172 Friberg
1824 2135 1855 2163 et

202 2183 405 2214 Burchardus
430 2184 469 2214 de
487 2184 636 2221 Elrbach,
661 2184 798 2215 Romani
822 2185 911 2226 regni
936 2185 1053 2225 prefati
1070 2185 1230 2226 principes
1255 2188 1287 2215 et
1308 2184 1452 2214 barones.
1494 2184 1529 2213 In
1554 2194 1686 2224 quorum
1713 2184 1853 2213 omnium

202 2235 418 2265 testimonium
448 2239 479 2266 et
507 2236 548 2266 ad
572 2236 796 2267 certitudinem
821 2236 998 2276 pleniorem
1027 2240 1192 2277 presentes
1222 2237 1290 2267 fieri
1315 2237 1462 2266 iussimus
1494 2239 1525 2265 et
1549 2238 1655 2265 nostre
1680 2235 1854 2264 maiestatis

201 2287 296 2326 sigilli
320 2288 516 2327 appensione
542 2288 739 2318 communiri.

307 2347 426 2378 Datum
443 2346 549 2387 Frage
574 2358 656 2378 anno
674 2347 804 2377 Domini
820 2347 989 2379 millesimo
1015 2349 1240 2379 trecentesimo
1265 2347 1512 2388 quadragesimo
1535 2349 1658 2379 oetavm
1683 2344 1854 2375 indictione

199 2399 312 2438 primm
336 2398 419 2429 VIIO
444 2398 534 2428 Ydus
558 2399 688 2439 Aprilis,
714 2409 884 2439 regnorum
910 2403 1088 2430 nosti-[nami
1113 2410 1194 2430 anno
1220 2399 1369 2429 secundo.

303 2542 368 2568 559.
397 2543 420 2575 ¹¹)
440 2545 551 2569 secunda
571 2553 584 2568 o
603 2553 633 2568 6:15
652 2545 705 2568 alia
726 2544 809 2568 littera
828 2552 894 2567 corr.
909 2553 943 2567 or.

1628 2778 1643 2802 Ν)

301 2791 336 2808 LL.
350 2790 567 2808 CONSTlTUTIONES
581 2791 636 2808 VIII.
1611 2778 1624 2801 Τ
