2189 2984
134 518 286 537 nr.12.9;¹.97.

298 164 358 192 2:30
766 159 861 186 ACTA
882 159 993 186 REGNI
1014 158 1148 185 KAROLI
1168 158 1215 184 IV.
1254 158 1327 184 12:46.
1364 158 1411 183 Nr.
1426 158 1484 184 149.

298 246 406 272 litteras
428 246 571 272 fecerimus
591 245 740 278 assignari:
766 253 796 271 eo
816 246 908 271 tamen
929 245 1052 275 adiecto,
1076 245 1162 277 quod,
1182 244 1205 270 si
1226 245 1288 277 post
1307 243 1538 277 approbationem
1563 243 1718 277 predictam
1738 244 1853 270 durante
1874 253 1945 270 anno

297 298 423 331 predicto
443 298 485 323 illi
506 298 547 323 vel
570 297 657 330 aliqui
678 306 710 323 ex
730 297 777 327 eis,
798 297 830 322 de
850 297 951 330 quibus
971 296 1152 330 premittitur.
1172 295 1314 321 nobiscum
1334 294 1524 321 amicabiliter
1543 295 1731 327 convenirent,
1751 295 1885 329 possimus
1906 295 1946 321 eis

297 349 339 373 vel
367 358 414 382 pro
442 349 481 374 cis
500 348 687 374 remissionem
714 357 749 374 ac
776 348 833 374 alia
858 348 1003 382 predicta
1029 347 1131 377 facere,
1156 346 1331 372 concessione
1355 346 1515 372 sanctitatis
1540 347 1664 380 predicte
1688 355 1770 380 super
1792 346 1846 372 hiis
1870 346 1946 372 facta

297 408 472 432 nequaquam
493 400 630 429 obstante,
651 408 703 432 que
724 401 816 426 tamen
836 399 865 425 in
884 409 932 426 suo
954 400 1036 433 pleno
1056 400 1155 426 effectu
1175 400 1318 425 remaneat
1338 399 1429 431 quoad
1448 399 1540 425 omnia
1564 399 1634 430 alia,
1661 399 1694 425 de
1713 399 1814 432 quibus
1833 399 1871 425 sic
1891 408 1945 425 non

298 450 454 477 duxerimus
474 450 666 476 ordinandum.

403 511 470 537 Item
491 519 566 538 cum.
586 510 657 537 sicut
678 512 717 537 est
739 519 788 544 per
807 510 930 537 diversas
950 510 1024 536 orbis
1044 511 1137 543 partes
1157 509 1239 544 longe
1259 509 1371 542 lateque
1392 509 1520 536 diffusum
1540 512 1568 536 et
1588 511 1683 536 notum
1702 519 1735 536 ac
1755 509 1839 536 etiam
1860 509 1947 536 divul-

297 564 407 596 gatum,
429 562 585 588 Ludovicus
606 562 638 588 de
659 562 779 588 Bavaria
798 564 912 595 proptor
931 561 1114 595 multiplices,
1134 570 1244 594 graves,
1265 561 1433 588 execrabiles
1453 563 1481 587 et
1501 570 1624 588 enormes
1643 563 1728 594 atque
1747 560 1868 587 notorios
1888 561 1947 588 eius

298 622 438 644 excessus,
459 614 634 643 offensiones,
655 613 782 644 iniurias,
802 613 981 644 rebelliones,
1006 612 1195 638 contumacias
1219 614 1248 639 et
1273 615 1439 646 contenptus
1458 622 1490 639 ac
1510 613 1618 639 hereses
1637 614 1666 639 et
1685 613 1817 640 scismata
1835 613 1946 647 aliaque

298 665 431 691 nonnulla
445 665 625 691 detestabilia
640 665 755 691 crimina
770 665 876 691 notorie
890 665 1035 691 commissa
1055 673 1103 698 per
1117 673 1178 691 euin
1192 673 1224 690 ac
1239 664 1415 698 exigentibus
1433 664 1489 690 suis
1503 664 1645 690 demeritis
1658 666 1686 691 et
1700 664 1790 698 culpis
1803 665 1947 691 horrendis

298 716 382 743 fuerit
402 720 430 743 et
454 717 490 743 sit
510 727 558 750 per
583 717 673 744 sedem
694 716 876 750 apostolicam
904 716 1031 750 pluribus
1051 716 1134 742 variis
1157 718 1186 742 et
1212 715 1326 742 (liversis
1346 715 1662 742 excommunicationum
1687 717 1716 742 et
1735 716 1946 742 anathematum

298 776 331 794 ac.
351 768 414 794 aliis
435 768 513 801 penis
533 771 560 795 et
579 768 729 794 sentenciis
749 767 878 794 inodatus
898 777 929 794 ac.
950 768 1023 793 omni
1044 768 1110 798 iure,
1131 768 1153 793 si
1173 768 1246 801 quod
1265 776 1387 800 unquam
1406 766 1459 792 sibi
1480 767 1507 792 in
1526 775 1610 801 regno
1630 769 1658 793 et
1672 767 1788 801 imperio
1801 767 1947 800 Romame)

298 821 456 852 competere
477 819 622 852 potuisset,
642 828 690 844 nec
711 827 764 844 non
784 818 911 844 omnibus
932 819 1029 847 feudis,
1049 827 1102 851 que
1122 821 1187 844 tunc
1207 827 1223 844 a
1243 818 1368 844 Romana
1388 819 1431 844 vel
1451 817 1514 844 aliis
1534 818 1658 845 ecclesiis
1672 819 1715 844 vel
1735 818 1810 845 dicto
1830 818 1946 852 imperio

299 869 454 900 obtinebat,
475 872 502 896 et
522 870 684 903 specialiter
704 870 807 895 ducatu
827 870 945 896 Bavarie
966 879 998 896 ac
1018 870 1104 897 etiam
1123 870 1202 896 bonis
1222 870 1286 896 aliis
1306 870 1362 896 suis
1381 870 1511 896 omnibus
1531 870 1681 896 mobilibus
1700 872 1729 896 et
1748 870 1946 901 immobilibus,

300 921 406 947 iuribus
427 923 456 947 et
476 921 712 948 iurisdictionibus
733 921 858 954 privatus
878 923 1013 955 perpetuo
1033 921 1142 948 iustitia
1159 921 1292 948 suadente
1312 930 1344 947 ac
1364 921 1397 948 de
1416 921 1505 948 heresi
1524 924 1553 948 et
1566 921 1694 948 scismate
1713 923 1742 948 et
1755 922 1817 948 aliis
1831 921 1947 948 diversis

299 974 460 1000 criminibus
481 976 509 999 et
529 973 685 999 excessibus
705 973 923 1006 condempnatus
943 981 975 998 ac
995 972 1134 998 hereticus
1153 975 1182 999 et
1201 972 1375 1005 scismaticus
1399 973 1511 1006 publice
1536 973 1685 999 nunciatus
1704 976 1732 999 et
1751 975 1899 1006 propterea
1919 974 1946 999 in

299 1035 384 1060 penas
404 1028 432 1052 ct
451 1025 606 1051 sentencias
626 1025 747 1051 diversas
773 1027 829 1051 tam
857 1025 884 1050 in
904 1024 1078 1058 processibus
1102 1024 1176 1050 dicte
1202 1024 1274 1050 seclis
1297 1024 1454 1050 huiusmodi
1479 1024 1623 1050 occasione
1643 1023 1750 1050 habitis
1770 1026 1866 1050 contra
1886 1033 1947 1051 eum

299 1079 445 1104 contentas
471 1086 553 1110 quam
576 1077 603 1102 in
623 1076 681 1102 iure
701 1078 797 1102 contra
817 1077 888 1102 tales
908 1075 1028 1102 inflictas
1041 1075 1172 1101 incidisse
1192 1077 1221 1101 et
1239 1083 1285 1101 eas
1305 1075 1415 1101 omnino
1430 1075 1576 1101 incurrisse
1595 1075 1632 1102 sit
1651 1077 1679 1102 et
1692 1075 1776 1102 fuerit
1789 1076 1947 1102 declaratus

299 1137 331 1154 ac
345 1129 429 1154 etiam
445 1128 547 1154 Christi
564 1128 691 1154 fidelibus
705 1128 848 1161 expositus
863 1127 1080 1161 impugnandus:
1144 1135 1192 1152 nos
1206 1129 1349 1159 tamquam
1363 1126 1480 1152 devotus
1494 1128 1589 1153 sancte
1604 1127 1727 1153 Romane
1741 1126 1856 1153 ecclesie
1876 1126 1947 1152 filius

300 1189 434 1213 verusque
462 1180 551 1205 cultor
581 1179 719 1206 catholice
747 1179 809 1205 fidei
836 1179 1007 1205 obstinatam
1036 1180 1064 1204 et
1088 1177 1268 1211 pernitiosam
1293 1177 1409 1203 nimiam
1429 1177 1564 1203 Ludovici
1588 1178 1690 1211 prefati
1716 1178 1900 1211 pertinaciam
1919 1180 1947 1204 et

300 1231 443 1264 perfidiam
463 1231 644 1257 abhorrentes
664 1232 692 1256 et
708 1230 860 1256 consultius
875 1229 1054 1256 attendentes
1074 1237 1217 1262 processus
1236 1229 1308 1255 sedis
1322 1229 1453 1257 eiusdem.
1474 1231 1504 1255 nt
1518 1229 1699 1263 premittitur,
1719 1229 1832 1256 habitos
1850 1232 1946 1256 contra

299 1291 375 1310 eum.
396 1284 424 1308 et
444 1282 652 1308 considerantes
672 1282 770 1312 ctiam,
800 1281 872 1314 quod
893 1281 1008 1307 heretici
1029 1284 1056 1307 et
1075 1280 1227 1306 scismatici
1246 1282 1310 1306 sunt
1328 1289 1343 1306 a
1364 1280 1510 1307 catholicis
1529 1289 1578 1314 pro
1599 1281 1703 1306 viribus
1723 1280 1901 1314 expugnandi
1921 1282 1948 1306 et

300 1334 372 1366 quod
393 1334 496 1360 eisdem
511 1333 637 1359 fidelibus
657 1343 710 1359 non
725 1333 792 1359 licet
812 1342 872 1358 cum
887 1332 955 1366 ipsis
969 1332 1100 1358 hereticis
1114 1332 1156 1358 vel
1177 1332 1344 1358 scismaticis
1357 1331 1505 1363 amicitias⁷
1525 1333 1681 1360 societates.
1702 1332 1948 1363 confederationes,

299 1385 456 1418 pactiones.
477 1385 672 1418 colligationes
693 1385 735 1410 vel
760 1384 831 1417 ligas
856 1383 965 1417 aliquas
987 1384 1078 1410 facere
1106 1383 1148 1409 vel
1171 1384 1286 1414 habere,
1316 1384 1350 1409 ob
1375 1384 1463 1410 zelum
1489 1384 1539 1410 Dei
1566 1387 1593 1410 et
1618 1384 1740 1410 eiusdem
1768 1384 1830 1410 fidei
1855 1393 1886 1410 ac
1913 1383 1949 1409 ad

299 1436 431 1462 honorem
451 1436 539 1469 ipsius
558 1438 652 1462 sancte
674 1436 795 1462 Romane
816 1436 931 1461 ecclesie
951 1435 1048 1462 matris
1068 1438 1160 1461 nostre
1180 1437 1208 1461 et
1226 1435 1260 1461 ob
1281 1435 1470 1466 devotionem,
1491 1444 1574 1468 quani
1594 1435 1728 1462 habemus
1748 1435 1783 1461 ad
1802 1435 1900 1469 ipsam,
1921 1437 1949 1461 et

301 1487 385 1513 etiam
412 1487 587 1513 consciencia
615 1487 713 1513 merito
738 1496 787 1512 nos
815 1488 943 1519 urgente,
971 1487 1147 1513 intendentes
1172 1487 1342 1513 Ludovicnm
1365 1487 1504 1520 prefatum
1528 1487 1606 1514 iuxta
1629 1487 1750 1521 ipsorum
1771 1495 1946 1520 processuum

299 1538 406 1567 seriemv
427 1541 509 1572 prout
530 1539 610 1565 nobis
630 1539 683 1565 erit
703 1539 848 1572 possibilev
874 1539 1052 1572 impugnare,
1072 1539 1144 1564 bona
1164 1538 1216 1564 tide
1235 1539 1424 1572 promittimus
1444 1541 1472 1565 et
1491 1539 1526 1565 ad
1546 1541 1644 1565 sancta
1664 1539 1713 1565 Dei
1734 1538 1881 1572 euangelia
1900 1547 1949 1572 per

300 1598 349 1616 nos
369 1590 552 1624 corporaliter
571 1592 669 1624 sponte
690 1592 767 1616 tacta
792 1590 927 1620 iuramus,
953 1590 1038 1623 quod,
1058 1590 1181 1623 quandiu
1210 1590 1282 1616 idem
1303 1590 1458 1616 Ludovicus
1478 1590 1506 1616 in
1526 1590 1683 1616 huiusmodi
1704 1590 1830 1624 perfidia,
1851 1590 1948 1621 heresi,

299 1642 437 1671 scismate,
459 1642 634 1675 pertinacia,
654 1642 810 1668 excessibus¹
835 1644 863 1667 et
882 1641 1044 1667 criminibus
1064 1641 1252 1675 permanebit,
1279 1643 1307 1668 et
1326 1641 1449 1674 quandiu
1469 1641 1627 1668 subiacebit
1652 1641 1730 1675 penis
1754 1644 1782 1667 et
1801 1641 1948 1667 sententiis

300 1693 470 1726 supradictis
490 1696 517 1719 et
537 1694 660 1726 quandiu
683 1694 735 1720 erit
755 1696 833 1720 extra
852 1695 977 1728 graciam
997 1694 1072 1720 dicte
1091 1695 1170 1726 sedis,
1191 1695 1296 1720 nullam
1311 1694 1476 1725 amiciciam,
1496 1694 1666 1721 societatem.
1687 1693 1948 1721 confederationem.

300 1745 468 1777 pactionem,
489 1745 702 1779 colligationem
724 1746 765 1770 vol
787 1745 875 1779 ligam
895 1755 955 1771 cum
977 1754 1008 1772 eo
1028 1746 1169 1775 faciemus,
1189 1747 1217 1772 et
1236 1746 1259 1771 si
1279 1746 1388 1778 aliquas
1407 1746 1541 1772 hactenus
1561 1745 1726 1773 fecissemus,
1746 1745 1785 1771 eis
1804 1745 1837 1771 (le
1857 1746 1948 1770 cetero

300 1805 353 1822 non
374 1798 489 1822 utemur.
528 1798 597 1823 Item
619 1796 808 1830 promittimus
828 1800 856 1823 et
870 1807 999 1827 iuramus,
1020 1798 1092 1831 quod
1112 1798 1216 1824 nullam
1234 1797 1418 1831 parentelam,
1439 1797 1709 1831 consanguinitatem
1725 1797 1766 1822 vel
1781 1795 1948 1822 affinitatem

301 1857 362 1873 cum
383 1848 522 1874 Ludovico
545 1849 653 1881 prefato
680 1857 730 1874 nec
759 1850 966 1875 matrimonium
989 1850 1032 1875 vel
1052 1849 1194 1883 sponsalia
1217 1849 1312 1882 aliqua
1335 1851 1384 1876 aut
1404 1850 1590 1883 parentelam,
1615 1848 1885 1882 consanguinitatem
1907 1847 1949 1873 vel

291 1899 467 1926 «affinitatem
493 1909 552 1925 cum
582 1899 677 1933 aliquo
698 1900 739 1926 vel
765 1901 861 1933 aliqua
885 1910 930 1927 seu
951 1901 1092 1933 aliquibus
1112 1902 1147 1927 ab
1168 1901 1262 1927 eodem
1284 1901 1423 1927 Luclovico
1448 1909 1497 1934 per
1520 1900 1701 1926 masculinam
1723 1900 1765 1925 vel
1788 1899 1949 1926 femininam

300 1951 402 1977 lineam
431 1951 664 1977 descendentibus
695 1952 891 1978 contrahemus
920 1953 1042 1978 Romano
1072 1953 1203 1986 pontifice
1236 1953 1392 1979 inconsulto
1421 1954 1449 1978 et
1481 1951 1585 1985 absque
1620 1951 1706 1985 ipsius
1735 1951 1807 1977 sedis
1832 1949 1950 1977 licencia

301 2002 430 2036 speciali3
451 2012 499 2029 nec
515 2003 603 2029 eidem
620 2003 757 2029 Ludovico
772 2004 924 2033 consiliumv
946 2004 1081 2030 auxilium
1097 2005 1139 2030 vel
1160 2005 1280 2031 savorem
1303 2004 1494 2038 impendemus
1513 2012 1562 2037 per
1581 2012 1630 2029 nos
1644 2003 1687 2029 vel
1707 2003 1793 2028 alium
1813 2011 1860 2028 seu
1880 2002 1949 2028 alios

301 2054 405 2080 directe
426 2055 468 2080 vel
490 2054 638 2083 indirecte.
664 2055 774 2088 publice
796 2056 838 2081 vel
865 2056 987 2082 occulte:
1014 2056 1079 2088 quin
1105 2056 1187 2081 immo
1207 2056 1323 2081 eundem
1345 2055 1514 2081 Lutlovicum
1534 2055 1611 2081 iuxta
1631 2054 1752 2088 ipsorum
1773 2063 1949 2088 processuum

301 2106 504 2132 continentiam
519 2106 587 2132 totis
602 2106 702 2132 nostris
718 2106 821 2132 viribus
836 2107 1069 2141 impugnalnmus,
1089 2108 1312 2142 expugnabimus
1332 2110 1360 2134 et
1373 2116 1576 2141 persequemur,
1595 2109 1624 2132 et
1642 2115 1725 2140 super
1743 2106 1798 2132 hiis
1817 2106 1950 2133 faciemus

302 2157 437 2184 totaliter.
457 2158 572 2184 realiter
592 2160 619 2184 ct
640 2158 790 2184 et'ticacitcr
809 2167 888 2192 posse
915 2161 1046 2185 nostrum.
1086 2162 1142 2189 Que
1169 2160 1279 2192 quidem
1304 2159 1397 2185 omnia
1422 2161 1450 2185 et
1468 2159 1579 2192 singula
1603 2167 1634 2184 ex
1660 2157 1749 2184 causis
1770 2157 1903 2191 predictis
1923 2159 1950 2183 et

302 2209 336 2233 ob
361 2217 406 2234 eas
433 2209 512 2235 inodo
539 2210 666 2242 predicto
691 2211 767 2235 recta
796 2212 824 2236 et
850 2219 919 2243 pura
943 2210 1009 2239 fidev
1036 2210 1093 2236 sine
1121 2210 1194 2236 omni
1218 2210 1280 2236 (lolo
1305 2213 1333 2237 et
1356 2210 1452 2236 fraude
1472 2209 1661 2243 promittimus
1682 2210 1709 2234 et
1728 2208 1763 2234 ad
1782 2210 1879 2234 sancta
1899 2208 1949 2234 Dei

302 2260 449 2293 euangelia
469 2261 653 2294 corporaliter
671 2263 770 2294 sponte
790 2263 866 2287 tacta
893 2262 1015 2287 iuramus
1040 2270 1088 2287 nos
1104 2262 1259 2287 'efficaciter
1282 2263 1438 2288 servaturos
1463 2263 1491 2287 et
1511 2260 1696 2294 completuros
1721 2261 1780 2286 toto
1806 2267 1896 2293 posse,
1921 2261 1948 2286 et

302 2311 375 2343 quod
395 2313 491 2337 contra
512 2313 646 2344 promissa
668 2312 710 2337 vel
731 2321 822 2338 eorum
845 2312 941 2344 aliqua
961 2321 1009 2346 per
1029 2321 1077 2338 nos
1097 2313 1140 2338 vel
1160 2313 1243 2338 alium
1265 2321 1311 2339 seu
1331 2313 1402 2339 alios
1422 2313 1526 2338 directe
1546 2312 1589 2338 vel
1610 2311 1753 2340 indirecte.
1773 2311 1885 2345 publice
1907 2312 1948 2338 vel

302 2362 410 2388 occulte¹
430 2363 525 2395 aliqua
546 2363 660 2390 ratione.
682 2363 826 2390 occasione
847 2364 889 2390 vel
910 2372 1000 2393 causa,
1021 2364 1132 2397 ingenio
1153 2364 1195 2390 vel
1217 2365 1307 2390 colorc
1327 2364 1487 2390 nullatenus
1508 2363 1654 2390 veniemus.

412 2431 529 2462 Datum
555 2434 711 2463 Avinionc
737 2432 1095 2469 11.N011.D000mb1·is,
1120 2444 1202 2463 anno
1227 2435 1346 2474 quinto.

1967 721 1991 739 10

1968 977 1990 995 15

1966 1237 1992 1256 20

1969 1494 1991 1513 25

1969 1752 1993 1771 ³0

1970 2008 1993 2027 35

1968 2268 1993 2286 40
