2189 2984
181 701 204 719 10

179 958 202 976 15

178 1217 203 1236 20

177 1481 200 1500 2⁵

178 1737 202 1755 30

178 1996 201 2014 35

178 2364 203 2382 40

179 2659 203 2677 45

635 145 731 171 ACTA
749 144 863 171 REGNI
882 145 1017 172 KAROLI
1037 146 1084 173 IV.
1123 146 1196 172 1346.
1233 147 1279 172 Nr.
1295 147 1352 173 118.
1369 148 1423 174 119.
1823 155 1878 184 193)

224 230 387 261 fidelitatis
418 240 541 261 necnon
571 231 772 262 exhibicione
802 231 1008 262 serviciorum
1037 233 1068 262 in
1092 232 1208 263 talibus
1233 232 1334 263 feodis
1358 233 1538 264 debitorum
1567 238 1599 265 et
1623 235 1719 266 ctiam
1744 248 1877 268 consue-

224 285 339 321 torum⁷
365 281 514 323 quodque
538 282 592 312 alii
616 286 648 312 et
672 282 787 322 singuli
811 282 956 313 similiter
971 283 1129 314 dictorum
1154 286 1328 314 castrorum
1353 287 1385 315 et
1409 285 1495 324 opidi
1520 285 1674 321 homines,
1700 287 1877 318 cuiuscum-

224 343 285 374 que
310 336 411 364 status
428 333 478 364 vel
496 333 690 364 condicionis
707 333 834 373 fuerint,
858 333 1003 374 predicto
1022 358 1027 364 .
1048 359 1053 364 .
1071 334 1314 375 archiepiscopo
1340 338 1373 365 et
1397 336 1465 366 eius
1483 359 1488 365 .
1508 359 1513 365 .
1532 337 1766 368 successoribus
1783 339 1877 379 plene

225 384 375 416 obediant
400 388 432 415 et
454 384 620 415 intendant
643 385 675 414 in
699 384 846 415 omnibus
870 388 901 415 et
925 385 1056 426 singulis
1083 396 1119 416 ac
1144 386 1384 427 recogniciones
1409 386 1449 417 de
1474 387 1534 417 hoe
1559 388 1677 418 faciant
1711 392 1742 419 et
1767 400 1876 420 eorum

224 436 348 466 litteras
371 439 518 476 patentes
544 435 699 476 sigillatas
716 435 854 476 desuper
870 436 1007 473 tradant,
1032 437 1243 468 communiter
1260 437 1310 467 vel
1328 437 1462 475 divisim,
1488 445 1581 478 prout
1599 438 1737 480 desuper
1761 441 1877 471 fuerint

224 487 382 528 requisiti,
410 487 600 518 fidelitatum
625 487 842 528 prestaciones
865 491 897 518 et
921 487 1034 518 huldas
1061 491 1095 518 ut
1118 499 1214 529 supra
1238 489 1371 523 faciant,
1403 489 1577 520 exhibeant
1605 494 1700 530 atque
1725 496 1877 531 prestent,

221 539 394 570 fidelitates
419 549 545 579 quoque
570 541 602 569 et
625 538 739 569 huldas
764 539 913 579 prestitas
937 539 1070 570 firmiter
1095 542 1225 570 teneant
1250 544 1281 570 et
1306 539 1485 577 observent,
1511 540 1550 571 de
1576 541 1739 579 fructibus,
1771 542 1877 573 reddi-

222 590 306 621 tibus
340 594 372 621 et
399 589 604 631 proventibus
635 589 792 620 dictorum
823 593 1000 621 castrorum
1036 594 1067 621 et
1098 591 1185 631 opidi
1220 602 1257 621 ac
1287 586 1556 631 pertinenciarum
1588 593 1727 632 ipsorum
1756 604 1877 624 necnon

223 651 333 672 eorum
356 641 477 672 iuribus
500 641 654 672 universis
678 641 895 681 respondeant
917 646 950 672 et
974 642 1161 682 responderi
1178 643 1306 679 faciant,
1332 643 1605 683 quemadmodum
1631 645 1745 674 nostris
1762 645 1877 684 prede-

224 693 402 723 cessoribus
417 692 636 723 Romanorum
660 692 789 734 regibus
814 696 846 723 et
862 693 1109 733 imperatoribus
1127 694 1260 724 obedire
1285 698 1317 725 et
1333 694 1510 731 intendere5
1536 695 1716 726 iuramenta
1733 700 1876 736 prestare

223 754 259 774 ac
283 744 473 775 fidelitatum
499 747 531 775 et
551 744 721 775 huldarum
744 745 963 785 prestaciones
986 746 1104 781 facere,
1131 745 1286 786 obsequia
1309 749 1341 776 et
1365 747 1498 776 servicia
1524 750 1666 786 prestare
1692 757 1813 777 necnon
1839 747 1877 778 de

221 795 349 835 iuribus,
374 795 537 835 fructibus7
561 796 737 827 redditibus
761 800 793 827 et
816 796 1022 836 proventibus
1046 797 1242 837 respondere
1267 800 1299 828 et
1328 801 1436 828 cetera
1465 798 1528 828 alia
1557 798 1663 828 omnia
1695 803 1726 828 et
1754 799 1878 839 singula

221 848 327 878 facere
352 851 587 878 consueverunt
610 848 660 878 vel
686 848 783 879 etiam
809 852 1010 887 tenerentur,
1041 859 1206 889 quousque
1232 859 1289 889 per
1312 859 1368 879 nos
1392 860 1448 880 seu
1472 852 1596 879 nostros
1621 873 1627 880 .
1646 872 1652 879 .
1678 860 1877 880 successores

220 899 440 930 Romanorum
468 909 561 940 reges
585 899 635 930 vel
660 900 870 940 imperatores
894 899 1038 940 predicto
1065 925 1070 930 .
1090 924 1096 930 .
1121 900 1363 941 archiepiscopo
1389 904 1421 930 et
1445 911 1500 931 sue
1525 900 1661 931 ecclesie
1688 900 1876 931 Treverensi

222 950 262 981 de
294 951 445 991 pretactis
475 950 587 982 decem
618 951 739 981 milium
770 962 949 982 marcarum
977 952 1103 991 argenti
1133 952 1229 982 fuerit
1266 952 1457 983 coniunctim
1497 963 1533 982 ac
1564 952 1656 982 simul
1686 953 1810 992 integre
1842 964 1877 983 ac

221 1002 364 1043 plenarie
395 1003 610 1041 satisfactum,
638 1013 710 1033 cum
734 1006 879 1043 protacta
903 1003 1037 1043 pignora
1068 1004 1234 1034 occasione
1260 1014 1461 1044 quacumque
1492 1008 1619 1044 sumpta
1643 1003 1693 1034 vel
1722 1003 1874 1033 sumenda

220 1064 283 1084 non
307 1053 452 1084 volumus
482 1053 607 1084 dix-isim
632 1053 745 1085 redimi
774 1054 822 1084 vel
846 1065 865 1084 a
888 1055 1089 1094 possessione
1115 1066 1171 1085 seu
1195 1058 1355 1095 potestate
1384 1055 1467 1085 dicte
1499 1054 1705 1085 Treverensis
1741 1055 1876 1085 ecclesie

221 1105 448 1146 quoquomodo
479 1106 559 1146 cripi
582 1106 633 1137 vel
657 1107 788 1144 auferri,
821 1106 879 1136 nisi
904 1106 943 1136 de
968 1106 1127 1147 prelibata
1151 1117 1276 1137 summa
1300 1110 1367 1137 tota
1392 1107 1487 1137 fuerit
1512 1107 1636 1147 prefato
1662 1130 1668 1136 .
1688 1130 1694 1136 .
1719 1105 1875 1145 arcliiepi·

221 1167 318 1198 scopo
348 1157 397 1188 vel
433 1158 500 1188 eius
530 1181 535 1187 .
563 1182 568 1188 .
598 1158 833 1188 successoribus
863 1158 957 1198 plene
994 1162 1026 1188 et
1057 1158 1252 1189 coniunctim
1285 1159 1430 1199 primitus
1465 1158 1673 1188 satisfactum.
1720 1157 1876 1187 Volumus

220 1209 363 1250 insuper,
399 1209 483 1250 quod
508 1209 650 1250 prefatus
682 1233 688 1240 .
715 1234 720 1240 .
745 1209 1005 1250 archiepiscopus
1030 1210 1161 1250 eiusque
1191 1221 1392 1241 successores
1423 1220 1533 1240 omnes
1558 1209 1692 1245 fruetus,
1724 1208 1875 1240 redditus,

221 1261 437 1291 emolumenta
461 1264 493 1291 et
517 1264 689 1301 proventus
713 1260 752 1291 ‹le
777 1261 868 1291 dictis
893 1261 1077 1301 pignoribus
1100 1262 1150 1292 vel
1176 1272 1287 1292 eorum
1314 1263 1518 1302 pertinenciis
1542 1261 1794 1302 quibuscumque
1820 1271 1876 1301 per

220 1322 276 1343 eos
292 1312 535 1353 quomodolibet
558 1316 727 1353 perceptos
752 1316 783 1342 et
806 1312 929 1343 levatos
954 1316 985 1343 et
1010 1314 1111 1343 eciam
1130 1313 1356 1354 percipiendos
1381 1317 1413 1344 et
1430 1313 1582 1343 levandos
1606 1323 1680 1343 suos
1703 1312 1821 1342 faciant
1845 1316 1876 1342 et

219 1364 286 1395 sine
310 1364 418 1405 aliqua
435 1363 648 1394 dcfalcatione
667 1365 843 1404 percipiant
868 1368 899 1395 et
916 1364 1056 1395 habeant
1079 1366 1208 1406 suisque
1230 1365 1338 1395 usibus
1357 1365 1530 1406 applicentq
1557 1364 1596 1395 de
1615 1364 1728 1405 quibus
1746 1363 1873 1404 quidem

220 1415 383 1451 fructibus,
409 1415 595 1453 redditibus,
620 1416 843 1446 emolumentis
860 1420 892 1446 et
909 1416 1115 1456 proventibus
1140 1418 1224 1457 ipsos
1241 1417 1476 1447 infeodavinius
1500 1420 1531 1447 et
1549 1416 1750 1457 presentibus
1775 1416 1873 1445 infeo-

220 1466 341 1498 damus.
388 1467 429 1498 Et
456 1467 481 1497 si
510 1467 643 1507 predicti
670 1490 701 1498 ..
726 1467 985 1508 archiepiscopus
1010 1468 1060 1498 vel
1088 1469 1155 1499 cius
1180 1479 1379 1499 successores
1403 1472 1513 1499 contra
1537 1468 1674 1498 rebelles
1704 1471 1734 1497 et
1766 1466 1874 1496 inobe-

221 1518 345 1549 dientes
362 1519 420 1549 sibi
445 1519 476 1549 in
493 1519 654 1559 premissis
676 1519 726 1549 vel
750 1519 857 1559 aliquo
883 1519 1079 1557 corumdem7
1105 1520 1129 1549 si
1154 1520 1208 1560 qui
1232 1520 1293 1550 sint
1318 1520 1367 1550 vel
1392 1520 1517 1557 fuerint,
1543 1519 1667 1559 aliquas
1691 1518 1873 1549 sententias.

220 1581 320 1611 penas
337 1571 387 1600 vel
404 1570 539 1600 mulctas
556 1570 745 1610 protulerint
762 1581 818 1601 seu
843 1571 918 1610 ipsis
939 1571 1121 1609 indixerint,
1147 1570 1327 1601 huiusmodi
1346 1581 1456 1611 penas,
1482 1570 1617 1600 mulctas
1643 1574 1674 1600 et
1698 1570 1876 1599 sentencias

220 1626 305 1652 ratas
334 1626 366 1653 et
389 1626 496 1662 gratas
520 1621 709 1652 habebimus
739 1632 858 1662 easque
890 1626 1006 1652 extunc
1032 1626 1125 1662 prout
1155 1632 1279 1652 exnunc
1304 1623 1495 1652 auctoritate
1526 1623 1616 1661 regia
1641 1621 1872 1651 ctmfirmanius.

221 1673 261 1704 Et
293 1684 318 1703 si
347 1673 508 1714 predictus
537 1698 542 1704 .
569 1698 575 1704 .
604 1673 862 1714 archiepiscopus
893 1673 1052 1714 aliquibus
1081 1677 1213 1714 propter
1244 1673 1452 1704 rebellionem
1477 1674 1527 1704 vel
1556 1673 1811 1703 inobediem·ia1n
1843 1672 1873 1701 in

221 1726 382 1766 premissis
413 1725 519 1766 aliqua
544 1725 683 1766 dampna
708 1726 861 1756 hactenus
889 1725 1029 1755 intulerit
1055 1726 1104 1755 vel
1134 1726 1202 1765 ipse
1231 1732 1263 1755 et
1291 1726 1337 1755 sui
1364 1749 1370 1755 .
1389 1748 1395 1755 .
1420 1735 1621 1756 successores
1650 1724 1813 1754 intulerint
1844 1723 1872 1752 in

219 1777 370 1816 futurum,
396 1776 576 1807 huiusmodi
595 1776 740 1817 dampnis
758 1777 899 1807 totaliter
923 1778 1145 1807 renunciamus
1170 1781 1202 1807 et
1226 1777 1478 1808 satisfactionem
1504 1777 1703 1808 remittimus,
1729 1776 1772 1805 ita
1790 1774 1872 1815 qaod

219 1839 281 1859 non
297 1828 453 1867 volumus,
478 1827 563 1868 qnod
580 1829 741 1868 predictus
767 1853 772 1859 .
792 1852 798 1859 .
822 1828 1082 1869 archiepiscopus
1101 1829 1150 1859 vel
1176 1830 1223 1858 sni
1249 1853 1254 1859 .
1274 1852 1280 1858 .
1306 1839 1506 1859 successores
1531 1838 1586 1858 seu
1611 1837 1719 1857 corum
1738 1826 1871 1856 ecclesia

219 1881 387 1911 occasione
406 1880 616 1920 dampnorum
634 1879 813 1910 huiusmodi
833 1890 890 1920 per
904 1890 1097 1920 quemquam
1116 1881 1311 1920 impetantur
1327 1880 1376 1910 vel
1395 1879 1637 1920 quomodolibet
1655 1878 1871 1908 molestentur.

219 1932 257 1962 In
273 1942 408 1973 quorum
433 1931 573 1961 oninium
598 1931 791 1961 evidentiam
817 1935 849 1962 et
871 1931 966 1961 robur
984 1931 1062 1961 hassl
1080 1935 1246 1972 presentes
1264 1931 1384 1962 litteras
1401 1932 1526 1972 prefato
1551 1930 1792 1969 archiepiscopo
1817 1939 1873 1968 pro

220 1994 267 2021 se,
304 1984 368 2013 suis
397 2007 403 2013 .
428 2006 435 2013 .
464 1982 698 2013 successoribus
733 1986 765 2013 et
796 1983 932 2014 ecclesia
963 1982 1044 2013 tradi
1077 1983 1224 2013 iussimus
1262 1984 1385 2023 typario
1420 1987 1526 2013 nostre
1559 1981 1647 2021 regie
1677 1979 1872 2011 celsitudinis

220 2035 439 2065 communitas.

328 2095 446 2125 Datum
475 2094 587 2124 Bunne
613 2094 672 2124 V1⁰
693 2094 807 2125 Kalen.
836 2094 1038 2128 Decembris,
1075 2105 1156 2124 anno
1185 2094 1314 2124 Domini
1337 2094 1543 2125 31⁴=CC‹?'*XL
1567 2096 1672 2128 sexto,
1702 2101 1870 2132 regnorum

221 2150 399 2177 nostrorum
424 2156 506 2176 anno
530 2145 663 2186 primod.

226 2294 306 2330 119.
345 2295 415 2328 Gon
434 2295 569 2329 zrmatio
597 2293 789 2328 clonaz‘imeis
816 2295 921 2328 (wistri
950 2297 980 2327 ct
1016 2293 1133 2337 oppidi
1162 2293 1302 2328 Coclzcm.
1331 2293 1468 2336 eiusque
1491 2291 1790 2336 pertinentiarum.
1823 2309 1868 2312 -—

962 2353 1048 2388 Nor.
1070 2356 1128 2387 :301

332 2428 491 2468 Oriyiuale
516 2428 587 2468 (or.)
613 2427 735 2459 ibidem.
774 2427 951 2467 Descripsit
975 2428 1015 2458 R.
1034 2428 1182 2459 Liidiclce.
1222 2429 1263 2460 In
1280 2437 1362 2458 rcrso
1380 2426 1506 2465 Hyllus:
1530 2426 1569 2461 R„
1595 2427 1622 2454 et
1647 2434 1742 2454 malm
1763 2423 1869 2453 Tres-s-

221 2480 305 2510 νεηεὶ
327 2481 492 2519 scriptum:
522 2480 719 2511 confirmatio
744 2479 885 2510 Cochme
910 2479 939 2510 V
963 2484 1022 2510 etc.
1048 2481 1158 2511 maior.
1206 2479 1323 2510 Pendet
1351 2477 1487 2517 siglillmn
1517 2476 1635 2507 laesum
1664 2486 1731 2505 cam
1756 2477 1867 2504 sverm»

221 2531 364 2562 dorsuali
386 2531 450 2570 filis
473 2531 581 2561 scricis
604 2531 694 2561 rubri
716 2530 887 2569 viridisque
910 2530 1031 2561 eoloris.

330 2591 405 2630 Req.
425 2591 495 2629 imp.
518 2590 603 2621 VIII
625 2600 673 2621 nr.
690 2591 763 2620 271.

331 2651 379 2689 Cf.
397 2650 485 2689 infra
508 2661 557 2681 nr.
576 2652 637 2681 130'
660 2653 688 2682 ct
711 2661 747 2681 ea
770 2659 850 2689 quae
866 2650 1016 2681 disseruit
1040 2650 1079 2681 R.
1098 2650 1237 2681 Liidiclcc
1262 2650 1293 2680 in
1320 2649 1433 2680 ‘Neues
1450 2647 1577 2678 Archiv*
1605 2645 1771 2676 XXXIII.
1789 2646 1859 2673 3232.

326 2752 386 2778 llS.
407 2752 433 2784 d)
454 2754 623 2786 has-primo
638 2758 729 2786 postea
748 2754 835 2778 eadem
854 2761 933 2777 Ίιιῑιηῖι
953 2753 1051 2778 adiecta
1071 2758 1127 2777 sunt
1147 2762 1183 2777 ον.
