2189 2984
333 142 388 169 leto
794 138 889 164 ACTA
910 138 1023 164 ΗΕΘ-Χῖ
1044 137 1180 164 KAROLI
1199 138 1245 165 IV.
1285 138 1358 164 1340.
1395 138 1514 165 Nr.117.

325 237 380 255 sne
412 226 547 255 ecclesie
577 224 616 255 de
652 235 734 254 novo
770 228 801 255 et
830 225 934 255 denuo
965 224 1056 255 titulo
1086 220 1237 265 pignoris
1257 235 1313 255 seu
1337 225 1495 265 ι1110111000
1520 236 1591 256 cum
1615 235 1710 256 cause
1736 226 1921 267 eognicione
1947 230 1980 257 et

326 288 395 307 cum
423 277 513 317 plena
541 276 776 307 deliberacione
802 280 834 306 et
858 287 898 307 cx
923 280 1009 307 certa
1033 276 1178 307 similiter
1201 280 1309 307 nostra
1333 276 1470 307 sciencia
1488 276 1698 318 obligavimus
1722 281 1754 308 et
1776 277 1979 318 presentibus

326 328 504 367 obligamus
540 337 597 367 per
630 339 684 357 eos
720 331 784 358 tam
821 327 874 357 diu
903 327 1041 358 tenenda
1070 330 1102 358 et
1126 327 1333 368 possidenda,
1371 327 1472 358 donec
1501 328 1577 368 ipsis
1607 328 1646 359 de
1675 329 1826 369 pretactis
1850 329 1980 370 triginta

325 379 451 409 milibus
476 388 654 409 marcarum
681 379 803 419 argenti
830 379 925 409 fucrit
950 380 1141 409 coniunctim
1167 382 1198 409 ct
1222 379 1365 419 plenarie
1390 379 1598 409 satisfactum.
1638 380 1803 419 volentes,
1829 380 1929 421 quod,
1953 381 1979 410 si

325 430 439 470 aliquis
470 429 613 461 ‹clefectus
643 431 775 461 forsitan
812 431 842 460 in
871 431 976 471 priore
1006 430 1206 471 obligaeione
1237 430 1462 471 quoquomodo
1493 434 1639 471 repertus
1667 431 1776 468 fuerit,
1813 432 1898 472 quod
1926 432 1980 463 ille

326 481 470 511 defectus
499 483 624 522 penitus
656 482 820 512 sublatus·q
846 486 876 513 01
910 482 995 522 quod
1030 481 1212 512 huiusmodi
1244 481 1420 522 obligacio,
1457 485 1621 522 tamquam
1654 493 1711 523 per
1745 493 1802 513 nos
1829 483 1979 514 innovata

326 536 357 563 et
393 532 432 563 de
463 543 544 563 11010
570 534 667 571 facta7
705 533 832 573 plenam
870 533 1014 564 obtineat
1049 533 1172 564 roboris
1206 533 1407 571 firmitatem,
1447 536 1478 563 et
1509 533 1593 573 quod
1633 533 1851 574 predictus..
1876 534 1979 565 archi-

326 585 496 624 episcopus¹
521 588 553 615 et
578 596 633 614 sua
659 584 796 615 ecclesia
820 596 883 615 non
908 584 1047 615 habeant
1077 584 1116 616 de
1145 585 1251 625 priore
1281 584 1483 625 obligacione
1512 585 1633 625 aliquid
1658 585 1774 616 docere
1798 585 1848 615 vel
1873 590 1979 616 osten-

327 635 403 665 dere
430 646 485 666 scu
511 636 636 676 aliquas
660 646 757 676 super
781 637 850 677 ipsa
874 637 997 667 litteras
1020 636 1185 667 exhibere.
1211 635 1267 666 sed
1292 646 1422 676 presens
1445 639 1552 667 nostre
1570 636 1900 677 celsitudinispagina
1924 648 1981 678 per

325 697 358 717 sc
383 687 519 717 sufficiat
548 687 589 717 ad
619 687 737 717 dictam
770 687 1005 728 obligacionem
1037 687 1220 718 omnimode
1246 687 1533 727 comprobandam,
1569 698 1639 718 cum
1670 699 1727 718 nos
1756 699 1851 729 super
1874 689 1979 729 priore

326 737 528 778 obligat-ione
554 742 584 768 01
602 749 698 779 super
722 749 793 769 eam
812 739 1068 780 contingentibus
1086 739 1239 769 fuerimus
1264 742 1295 769 et
1319 739 1426 772 simus,
1451 742 1486 769 ut
1501 740 1711 779 pretangitur,
1735 739 1859 780 plenius
1883 740 1980 770 infor-

325 789 413 819 mati.
453 789 609 820 Volumus
640 791 758 829 eciam,
793 791 877 831 quod
908 801 1017 821 omnes
1047 790 1192 821 homines
1224 793 1287 820 tam
1321 790 1445 821 nobiles
1474 801 1569 831 quam
1601 791 1723 831 plebei,
1754 792 1980 832 cuiuscumque

325 845 426 871 status
450 844 504 871 aut
533 841 727 872 condicionis
756 843 909 877 cxistanh
945 842 975 872 in
1000 841 1152 882 predictis
1187 841 1278 871 bonis
1312 852 1347 872 ac
1383 842 1460 872 locis
1496 845 1527 872 et
1562 853 1672 872 eorum
1701 843 1980 877 iurisdictionibus,

325 893 530 932 pertinenciis
561 897 592 923 et
625 894 767 923 terminis
798 904 920 923 necnon
946 904 1056 923 omnes
1081 894 1307 928 comunitates¹¹
1339 893 1468 933 opidani
1499 896 1531 923 et
1558 894 1661 924 incole
1690 894 1721 924 in
1748 894 1869 925 eisdem
1894 905 1980 925 com·

325 947 487 974 morantes
516 944 661 984 predicto
696 969 700 975 .
727 968 732 974 .
764 945 1007 985 archiepiscopo
1036 946 1164 985 suisque
1195 969 1200 975 .
1224 970 1229 975 .
1256 944 1491 975 successoribus
1521 944 1710 976 fidelitatem
1741 945 1858 976 faciant
1886 949 1981 987 atque

325 999 477 1036 prestenh
504 996 653 1036 quodque
672 1006 783 1027 omnes
802 1000 980 1027 castrenses
997 1007 1120 1027 necnon
1137 996 1249 1027 vasalli
1275 999 1306 1026 ct
1329 996 1451 1033 fideles,
1475 995 1667 1037 ubicumque
1691 996 1862 1033 resideant,
1888 997 1983 1028 feoda

325 1048 357 1077 in
381 1047 473 1077 dictis
497 1047 575 1077 locis
601 1058 637 1078 ac
655 1059 766 1079 00111111
785 1048 991 1089 pertinenciis
1016 1051 1048 1078 et
1065 1047 1206 1078 terminis
1231 1047 1271 1077 ab
1288 1047 1422 1088 imperio
1440 1050 1586 1078 tenentes
1611 1052 1642 1078 et
1666 1048 1849 1088 specialiter
1873 1059 1983 1079 omnes

325 1098 369 1128 illi
406 1098 445 1128 de
480 1103 584 1129 castro
619 1099 853 1140 Schonenburg
888 1099 983 1130 feoda
1019 1109 1075 1129 sua
1110 1099 1292 1129 huiusmodi
1322 1110 1339 1129 a
1369 1099 1495 1139 prefato
1521 1099 1823 1140 ..archiepiscopo
1848 1100 1981 1141 eiusque

326 1150 562 1180 successoribus
587 1151 743 1191 recipiant
768 1154 801 1181 et
826 1155 958 1181 teneant
982 1154 1086 1181 stante
1113 1150 1197 1180 dicta
1221 1150 1439 1191 obligat-ione,
1464 1150 1628 1181 fidelitatis
1652 1161 1779 1191 quoque
1803 1152 1982 1182 iuramenta

325 1205 468 1241 prestent
501 1205 532 1231 ct
561 1202 640 1231 alias
672 1203 773 1233 eciam
804 1202 1009 1233 obcdiencias
1038 1206 1070 1232 et
1097 1202 1231 1232 servicia
1261 1202 1336 1242 ipsis
1371 1201 1544 1232 exhibeant
1574 1213 1631 1242 pro
1669 1202 1849 1233 huiusmodi
1880 1203 1982 1233 feodis

325 1251 416 1282 nobis
441 1252 491 1282 101
516 1253 650 1293 imperio
683 1254 762 1283 alias
791 1253 916 1284 debitas
951 1258 983 1284 et
1012 1257 1196 1292 consuetas,
1229 1256 1261 1283 et
1289 1252 1373 1294 quod
1403 1253 1596 1284 collaciones
1626 1253 1853 1284 beneficiorum
1878 1254 1980 1285 cccle-

325 1303 525 1334 siasticorum
552 1314 607 1334 seu
634 1306 893 1345 presentacimws
922 1305 961 1335 ad
987 1305 1133 1338 easdem,
1163 1315 1233 1335 cum
1258 1305 1457 1343 vacaverint,
1487 1315 1550 1345 que
1582 1305 1622 1335 ad
1646 1305 1864 1336 Romanorum
1889 1316 1982 1347 reges

326 1365 382 1385 seu
407 1354 619 1395 imperatores
643 1356 724 1386 infra
749 1357 866 1387 limites
891 1367 946 1387 seu
972 1358 1124 1387 terminos
1149 1356 1304 1387 dictorum
1330 1356 1471 1386 locorum
1488 1357 1649 1396 pertinere
1674 1361 1917 1397 consueverunt,
1941 1357 1982 1388 ad

2000 703 2024 721 10

2003 960 2025 979 15

2002 1216 2027 1235 ΞΟ

326 1406 429 1445 ipsum
455 1430 460 1436 .
486 1429 492 1435 .
518 1407 795 1447 archiepiscopum
825 1411 856 1438 01
886 1419 959 1438 suos
986 1433 990 1438 .
1015 1433 1020 1438 .
1046 1418 1246 1438 successores
1278 1407 1363 1438 dicta.
1395 1408 1596 1448 obligacionc
1625 1408 1759 1439 durante
1791 1409 1981 1448 pertineant.

326 1457 475 1498 qusnlquc
502 1458 604 1489 dictus
631 1484 660 1489 ..
687 1459 950 1500 archiepiscopus
974 1464 1006 1490 01
1023 1460 1069 1489 sui
1096 1484 1100 1489 .
1121 1484 1126 1489 .
1152 1470 1352 1489 successores
1370 1459 1476 1489 levare
1502 1462 1533 1490 et
1550 1459 1716 1500 percipere
1733 1461 1854 1500 possint
1878 1460 1980 1490 111010-
2002 1473 2026 1492 25

326 1519 420 1539 neum
457 1509 611 1539 hactenus
644 1510 675 1539 in
705 1510 868 1550 Bopardia
900 1511 999 1551 recipi
1029 1514 1231 1541 consuetum:
1267 1510 1417 1541 videlicet
1447 1514 1584 1551 quatuor
1611 1521 1739 1551 grossos
1767 1512 1914 1552 antiquos
1942 1511 1981 1543 de

326 1564 452 1591 carrata
476 1562 539 1591 11111
570 1566 600 1591 01
631 1561 669 1592 (10
699 1562 768 1591 aliis
798 1563 1014 1592 mercimcniiis
1046 1573 1103 1603 per
1134 1562 1261 1593 alveum
1289 1561 1371 1592 chi
1400 1562 1635 1593 transeuntibus
1666 1563 1754 1593 iuxta
1779 1563 1981 1594 taxacionem

327 1611 468 1642 debitam
494 1616 526 1642 01
550 1616 745 1649 consuetam,
772 1613 856 1654 quod
875 1613 1004 1654 quidem
1024 1613 1208 1644 theloneum
1233 1615 1263 1644 in
1280 1613 1444 1654 Bopardia
1462 1613 1512 1643 101
1531 1614 1633 1644 eciam
1651 1613 1726 1644 alibi
1743 1624 1839 1655 super
1856 1614 1981 1645 alveum

326 1663 419 1701 chi,
445 1664 496 1694 ubi
523 1664 598 1704 ipsis
623 1665 791 1704 placuerit,
818 1666 961 1705 recipere
986 1668 1137 1706 poterunt
1159 1669 1190 1696 ct
1206 1665 1323 1695 1011110.
1363 1665 1520 1696 Volumus
1538 1666 1649 1699 eciam,
1675 1665 1760 1705 quod
1784 1666 1927 1706 prefatus
1949 1693 1954 1697 .
1975 1691 1980 1696 .

326 1715 587 1756 archiepiscopus
617 1717 749 1757 eiusque
781 1740 812 1746 ..
838 1727 1039 1747 successores
1063 1727 1173 1747 omnes
1198 1717 1332 1753 fruetus,
1369 1716 1512 1747 redditus
1548 1720 1579 1747 et
1613 1720 1785 1757 proventus
1820 1717 1859 1747 de
1890 1717 1982 1747 dictis

326 1767 512 1807 pignoribus
543 1767 592 1798 101
628 1778 737 1798 corum
768 1769 974 1808 pertinenciis
1015 1768 1269 1813 quibuscumque
1299 1778 1357 1808 per
1391 1779 1447 1799 eos
1481 1768 1723 1809 quomodolibet
1753 1772 1923 1809 perceptos
1951 1772 1982 1799 et

326 1819 550 1859 111-1111001111οε
575 1830 648 1849 suos
673 1819 791 1849 faciant
817 1824 848 1850 ct
873 1821 1004 1860 pacifice
1030 1822 1096 1850 sine
1122 1820 1229 1861 aliqua
1254 1819 1473 1850 defalcacione
1498 1819 1639 1850 habeant
1664 1822 1695 1849 ct
1718 1820 1910 1860 percipiant,
1942 1820 1981 1851 de

326 1869 440 1910 quibus
465 1871 565 1900 eciam
592 1871 746 1901 fructibus
771 1872 856 1911 ipsos
880 1872 1115 1901 infeodaviinus
1145 1875 1177 1901 et
1201 1871 1403 1911 presentibus
1428 1870 1629 1901 infeodamus
1653 1870 1693 1900 ad
1718 1871 1794 1907 hoc,
1823 1874 1857 1901 ut
1881 1871 1981 1909 nobis,

299 1910 305 1916 .
326 1932 424 1961 regno
462 1926 568 1952 nostro
605 1933 641 1952 ac
678 1923 811 1962 imperio
842 1924 969 1953 valeant
1005 1934 1041 1953 eo
1077 1923 1206 1953 uberius
1242 1926 1274 1953 et
1310 1923 1500 1953 t'1·uctu‹j›sius
1537 1922 1707 1953 deservire.
1759 1922 1853 1953 Dicta
1881 1924 1981 1953 eciam

326 1973 458 2013 pignera
484 1984 544 2003 non
563 1978 713 2014 poterunt
737 1984 795 2004 1100
814 1974 975 2005 debebunt
1000 1985 1057 2015 per
1074 1985 1130 2004 nos
1148 1975 1196 2004 101
1222 1978 1346 2004 nostros
1371 1998 1377 2004 .
1397 1999 1402 2004 .
1427 1984 1628 2004 successores
1644 1973 1864 2004 Romanorum
1890 1985 1981 2015 reges

329 2024 377 2053 101
406 2025 616 2064 imperatores
654 2035 710 2055 seu
747 2026 826 2055 alios
851 2036 1069 2066 quoscumque
1099 2027 1265 2056 occasione
1295 2036 1495 2065 quacumque
1526 2028 1690 2065 assumpta
1718 2024 1842 2055 divisim
1868 2025 1980 2056 redimi

326 2075 376 2105 101
402 2086 419 2105 a,
444 2076 643 2115 possessione
669 2076 719 2107 1οΙ
744 2080 904 2117 potestate
930 2077 1014 2107 dicte
1033 2077 1238 2107 Trewrmsis
1264 2077 1398 2107 ecclesie
1424 2076 1650 2117 quoquomodo
1676 2077 1754 2116 cripi
1779 2076 1829 2107 vel
1853 2076 1980 2109 auferri.

327 2127 384 2155 nisi
410 2127 535 2166 prefato
561 2152 591 2156 ..
618 2127 859 2168 archiepiscopo
884 2128 934 2158 101
964 2129 1027 2158 suis
1052 2153 1082 2158 ..
1109 2128 1345 2158 successoribus
1375 2128 1415 2158 sit
1448 2127 1487 2158 de
1517 2131 1662 2168 pretacta
1691 2138 1815 2158 summa
1851 2128 1981 2168 triginta

328 2176 446 2207 milium
474 2189 652 2209 marcarum
678 2179 771 2219 plene
797 2183 828 2209 01
853 2180 1043 2209 coniunctim
1062 2180 1206 2219 primitus
1224 2179 1430 2209 satisfactum.
1471 2178 1513 2208 Et
1536 2182 1570 2209 ut
1593 2178 1651 2208 hec
1670 2179 1777 2208 omnia
1801 2181 1833 2208 et
1857 2179 1981 2219 singula

327 2232 410 2259 rata.
442 2230 531 2259 firma
563 2238 593 2260 et
619 2231 803 2261 inconvulsa
828 2235 1049 2271 permancant,
1076 2230 1347 2271 quemadmodum
1372 2230 1517 2270 superius
1541 2233 1613 2259 sunt
1637 2230 1832 2269 conscripta,
1862 2240 1918 2259 nos
1943 2239 1979 2260 ea

327 2283 361 2309 01
378 2290 471 2320 supra
490 2282 687 2320 innovmnus,
714 2283 908 2313 ratificamus
925 2286 956 2312 ct
974 2282 1189 2323 approbamus
1218 2285 1250 2312 et
1275 2292 1314 2311 ex
1332 2284 1419 2311 001111
1436 2284 1543 2311 nostra
1568 2281 1707 2311 sciencia
1730 2290 1767 2310 ac
1792 2290 1862 2311 cum
1886 2291 1980 2311 cause

328 2332 524 2371 cognicionc.
544 2333 637 2372 plena
656 2333 893 2364 deliberacione
912 2334 1092 2374 prohabim,
1112 2334 1150 2363 de
1169 2333 1369 2374 plenitudine
1388 2336 1494 2363 nostre
1519 2333 1607 2372 regie
1625 2332 1802 2362 maiestatis
1826 2333 1982 2372 presentis

328 2382 434 2422 scripti
449 2383 631 2413 testimonio
650 2388 681 2414 et
698 2384 755 2414 sub
773 2385 876 2425 sigillo
894 2390 1001 2415 nostre
1019 2385 1214 2415 celsitudinis
1232 2385 1401 2423 insignita³
1420 2384 1544 2424 typario
1562 2383 1793 2413 confirmamus.
1827 2383 1982 2413 Volentes

328 2436 359 2462 et
391 2433 531 2464 districtc
564 2435 770 2475 precipiendo
801 2436 989 2466 11111111111111001
1018 2437 1173 2466 universis
1203 2440 1234 2466 et
1265 2436 1396 2476 singulis
1421 2434 1576 2465 dictorum
1602 2434 1784 2474 opidorum,
1815 2433 1980 2470 bonorum,

328 2484 479 2518 locorum,
505 2487 597 2515 castri
617 2496 652 2516 ac
671 2487 895 2516 iurisdictionis
913 2492 943 2517 et
962 2498 1069 2517 eornm
1089 2488 1354 2527 p‹1¹1·tinenciarum
1373 2490 1404 2517 et
1421 2485 1672 2516 iurisdictionum
1690 2485 1871 2515 hominibus
1888 2485 1978 2515 nobi-

328 2535 408 2565 libus
433 2540 464 2566 01
489 2537 689 2575 ignobilibus,
715 2537 862 2568 fidelibus
888 2543 918 2568 ct
942 2538 1079 2571 vasallis,
1105 2539 1330 2578 cuiuscumque
1355 2540 1456 2567 status
1480 2540 1534 2567 aut
1559 2537 1752 2567 condicionis
1777 2537 1924 2572 existant,
1949 2537 1978 2566 in

329 2586 449 2617 eisdem
475 2588 524 2618 101
551 2598 659 2619 eorum
685 2589 786 2619 altero
812 2600 867 2620 seu
892 2590 1159 2620 iurisdictioniluis
1184 2590 1234 2620 101
1258 2589 1401 2619 terminis
1425 2590 1564 2629 ipsorum
1596 2599 1614 2618 a
1645 2598 1743 2628 regno
1767 2587 1817 2618 vel
1846 2588 1979 2627 imperio

328 2639 518 2668 coniunctim
544 2639 592 2668 101
619 2640 743 2669 divisim
769 2640 953 2674 infeodatis.
986 2641 1178 2681 ubicumque
1207 2641 1362 2680 degeant5
1397 2651 1433 2670 ac
1462 2641 1562 2670 eciam
1592 2639 1709 2669 ibidem
1735 2638 1924 2678 degentibus
1949 2642 1979 2669 ct

328 2689 367 2719 ad
387 2690 454 2730 ipsa
472 2691 714 2730 pertinentibus.
740 2697 896 2732 quatenus
914 2693 1039 2732 prefato
1058 2692 1244 2723 Baldewino
1269 2696 1301 2723 et
1317 2692 1381 2722 suis
1406 2717 1410 2721 .
1431 2717 1436 2722 .
1461 2691 1696 2722 successoribus
1713 2700 1749 2720 ac
1767 2691 1826 2730 ipsi
1844 2689 1978 2720 ecclesie

433 2758 494 2784 1¹¹1-—
515 2760 538 2785 ai)
558 2761 591 2783 810
613 2769 641 2784 01·

2001 1731 2025 1749 30

2001 1989 2011 2006 :³
2014 1990 2024 2007 5

2000 2248 2025 2264 40

1999 2500 2022 2518 45

1997 2765 2007 2782 ὁ
2010 2765 2021 2782 0
