<?xml version="1.0" encoding="UTF-8"?>
<!DOCTYPE html PUBLIC "-//W3C//DTD XHTML 1.0 Transitional//EN"
    "http://www.w3.org/TR/xhtml1/DTD/xhtml1-transitional.dtd">
<html xmlns="http://www.w3.org/1999/xhtml" xml:lang="en" lang="en">
 <head>
  <title>
</title>
<meta http-equiv="Content-Type" content="text/html;charset=utf-8" />
  <meta name='ocr-system' content='tesseract 3.04.00' />
  <meta name='ocr-capabilities' content='ocr_page ocr_carea ocr_par ocr_line ocrx_word'/>
</head>
<body>
  <div class='ocr_page' id='page_1' title='image "./monumentagermani08geseuoft/monumentagermani08geseuoft_0656.png"; bbox 0 0 2189 2984; ppageno 0'>
   <div class='ocr_carea' id='block_1_1' title="bbox 362 132 1545 165">
    <p class='ocr_par' dir='ltr' id='par_1_1' title="bbox 362 132 1545 165">
     <span class='ocr_line' id='line_1_1' title="bbox 362 132 1545 165; baseline 0.003 -9"><span class='ocrx_word' id='word_1_1' title='bbox 362 138 423 165; x_wconf 47' lang='lat'>4515</span> <span class='ocrx_word' id='word_1_2' title='bbox 825 132 920 158; x_wconf 69' lang='lat' dir='ltr'><strong>ACTA</strong></span> <span class='ocrx_word' id='word_1_3' title='bbox 941 132 1053 159; x_wconf 73' lang='lat' dir='ltr'>REGNI</span> <span class='ocrx_word' id='word_1_4' title='bbox 1074 133 1209 159; x_wconf 74' lang='lat' dir='ltr'>KAnoLl</span> <span class='ocrx_word' id='word_1_5' title='bbox 1230 133 1275 159; x_wconf 78' lang='lat' dir='ltr'>IV.</span> <span class='ocrx_word' id='word_1_6' title='bbox 1314 133 1388 159; x_wconf 75' lang='lat'>1:348.</span> <span class='ocrx_word' id='word_1_7' title='bbox 1426 133 1472 159; x_wconf 90' lang='lat' dir='ltr'>Nr.</span> <span class='ocrx_word' id='word_1_8' title='bbox 1487 133 1545 160; x_wconf 81' lang='lat'>607.</span> 
     </span>
    </p>
   </div>
   <div class='ocr_carea' id='block_1_2' title="bbox 331 219 2015 2053">
    <p class='ocr_par' dir='ltr' id='par_1_2' title="bbox 331 219 2015 2053">
     <span class='ocr_line' id='line_1_2' title="bbox 359 219 2008 261; baseline 0.001 -12"><span class='ocrx_word' id='word_1_9' title='bbox 359 232 425 251; x_wconf 68' lang='lat' dir='ltr'>scin</span> <span class='ocrx_word' id='word_1_10' title='bbox 450 230 508 249; x_wconf 85' lang='lat' dir='ltr'>nec</span> <span class='ocrx_word' id='word_1_11' title='bbox 532 229 593 249; x_wconf 90' lang='lat' dir='ltr'>non</span> <span class='ocrx_word' id='word_1_12' title='bbox 619 219 697 249; x_wconf 79' lang='lat' dir='ltr'>alios</span> <span class='ocrx_word' id='word_1_13' title='bbox 722 219 855 249; x_wconf 86' lang='lat' dir='ltr'>ducatus</span> <span class='ocrx_word' id='word_1_14' title='bbox 873 222 904 250; x_wconf 87' lang='lat' dir='ltr'>et</span> <span class='ocrx_word' id='word_1_15' title='bbox 921 220 1126 260; x_wconf 74' lang='lat' dir='ltr'>principatus,</span> <span class='ocrx_word' id='word_1_16' title='bbox 1148 222 1249 250; x_wconf 73' lang='lat' dir='ltr'>terras</span> <span class='ocrx_word' id='word_1_17' title='bbox 1267 222 1299 250; x_wconf 86' lang='lat' dir='ltr'>et</span> <span class='ocrx_word' id='word_1_18' title='bbox 1316 219 1467 257; x_wconf 78' lang='lat' dir='ltr'>dominia,</span> <span class='ocrx_word' id='word_1_19' title='bbox 1489 219 1619 259; x_wconf 85' lang='lat' dir='ltr'>pheuda</span> <span class='ocrx_word' id='word_1_20' title='bbox 1642 223 1673 250; x_wconf 85' lang='lat' dir='ltr'>et</span> <span class='ocrx_word' id='word_1_21' title='bbox 1697 220 1803 250; x_wconf 85' lang='lat' dir='ltr'>omnia</span> <span class='ocrx_word' id='word_1_22' title='bbox 1820 230 1856 250; x_wconf 92' lang='lat' dir='ltr'>ac</span> <span class='ocrx_word' id='word_1_23' title='bbox 1873 221 2008 261; x_wconf 81' lang='lat' dir='ltr'>singula,</span> 
     </span>
     <span class='ocr_line' id='line_1_3' title="bbox 358 270 2010 312; baseline 0.001 -11"><span class='ocrx_word' id='word_1_24' title='bbox 358 282 419 312; x_wconf 73' lang='lat' dir='ltr'>que</span> <span class='ocrx_word' id='word_1_25' title='bbox 443 271 483 301; x_wconf 81' lang='lat' dir='ltr'>ab</span> <span class='ocrx_word' id='word_1_26' title='bbox 508 271 642 310; x_wconf 86' lang='lat' dir='ltr'>imperio</span> <span class='ocrx_word' id='word_1_27' title='bbox 669 274 756 301; x_wconf 86' lang='lat' dir='ltr'>tcnct</span> <span class='ocrx_word' id='word_1_28' title='bbox 781 274 812 301; x_wconf 79' lang='lat' dir='ltr'>ct</span> <span class='ocrx_word' id='word_1_29' title='bbox 836 271 947 303; x_wconf 76' lang='lat' dir='ltr'>tenuit,</span> <span class='ocrx_word' id='word_1_30' title='bbox 973 281 1042 301; x_wconf 88' lang='lat' dir='ltr'>cum</span> <span class='ocrx_word' id='word_1_31' title='bbox 1072 270 1217 301; x_wconf 88' lang='lat' dir='ltr'>omnibus</span> <span class='ocrx_word' id='word_1_32' title='bbox 1245 270 1437 309; x_wconf 78' lang='lat' dir='ltr'>civitatibus,</span> <span class='ocrx_word' id='word_1_33' title='bbox 1462 271 1582 309; x_wconf 86' lang='lat' dir='ltr'>castris,</span> <span class='ocrx_word' id='word_1_34' title='bbox 1606 271 1849 310; x_wconf 79' lang='lat' dir='ltr'>municionibus,</span> <span class='ocrx_word' id='word_1_35' title='bbox 1872 272 2010 312; x_wconf 82' lang='lat' dir='ltr'>oppidis,</span> 
     </span>
     <span class='ocr_line' id='line_1_4' title="bbox 362 321 2010 362; baseline 0.001 -10"><span class='ocrx_word' id='word_1_36' title='bbox 362 322 454 360; x_wconf 64' lang='lat' dir='ltr'>villis,</span> <span class='ocrx_word' id='word_1_37' title='bbox 480 322 617 355; x_wconf 69' lang='lat' dir='ltr'>vasallis,</span> <span class='ocrx_word' id='word_1_38' title='bbox 645 322 836 362; x_wconf 76' lang='lat' dir='ltr'>vasallagiis,</span> <span class='ocrx_word' id='word_1_39' title='bbox 860 321 955 359; x_wconf 79' lang='lat' dir='ltr'>silvis,</span> <span class='ocrx_word' id='word_1_40' title='bbox 979 321 1172 357; x_wconf 52' lang='lat' dir='ltr'>nemoribus</span> <span class='ocrx_word' id='word_1_41' title='bbox 1198 321 1329 360; x_wconf 86' lang='lat' dir='ltr'>rubetis,</span> <span class='ocrx_word' id='word_1_42' title='bbox 1354 322 1445 361; x_wconf 86' lang='lat' dir='ltr'>aquis</span> <span class='ocrx_word' id='word_1_43' title='bbox 1463 324 1494 352; x_wconf 88' lang='lat' dir='ltr'>et</span> <span class='ocrx_word' id='word_1_44' title='bbox 1510 332 1665 362; x_wconf 80' lang='lat' dir='ltr'>aquarum</span> <span class='ocrx_word' id='word_1_45' title='bbox 1682 322 1877 362; x_wconf 75' lang='lat' dir='ltr'>decursibus,</span> <span class='ocrx_word' id='word_1_46' title='bbox 1893 323 2010 353; x_wconf 88' lang='lat' dir='ltr'>monti-</span> 
     </span>
     <span class='ocr_line' id='line_1_5' title="bbox 357 372 2009 413; baseline 0.001 -10"><span class='ocrx_word' id='word_1_47' title='bbox 357 374 426 411; x_wconf 78' lang='lat' dir='ltr'>bus,</span> <span class='ocrx_word' id='word_1_48' title='bbox 451 373 595 406; x_wconf 64' lang='lat' dir='ltr'>vallibus,</span> <span class='ocrx_word' id='word_1_49' title='bbox 621 373 732 413; x_wconf 76' lang='lat' dir='ltr'>planis,</span> <span class='ocrx_word' id='word_1_50' title='bbox 758 373 926 408; x_wconf 75' lang='lat' dir='ltr'>theloneis,</span> <span class='ocrx_word' id='word_1_51' title='bbox 952 374 1046 403; x_wconf 87' lang='lat' dir='ltr'>mutis</span> <span class='ocrx_word' id='word_1_52' title='bbox 1074 383 1197 402; x_wconf 88' lang='lat' dir='ltr'>necnon</span> <span class='ocrx_word' id='word_1_53' title='bbox 1221 382 1291 402; x_wconf 85' lang='lat' dir='ltr'>cuin</span> <span class='ocrx_word' id='word_1_54' title='bbox 1318 372 1464 402; x_wconf 89' lang='lat' dir='ltr'>onmibus</span> <span class='ocrx_word' id='word_1_55' title='bbox 1491 372 1621 411; x_wconf 89' lang='lat' dir='ltr'>iuribus,</span> <span class='ocrx_word' id='word_1_56' title='bbox 1646 373 1771 413; x_wconf 78' lang='lat' dir='ltr'>graciiS,</span> <span class='ocrx_word' id='word_1_57' title='bbox 1796 372 2009 413; x_wconf 76' lang='lat' dir='ltr'>libertatibus,</span> 
     </span>
     <span class='ocr_line' id='line_1_6' title="bbox 359 423 2009 465; baseline 0 -10"><span class='ocrx_word' id='word_1_58' title='bbox 359 425 597 462; x_wconf 73' lang='lat' dir='ltr'>emunitatibus,</span> <span class='ocrx_word' id='word_1_59' title='bbox 622 424 795 454; x_wconf 72' lang='lat' dir='ltr'>honoribus</span> <span class='ocrx_word' id='word_1_60' title='bbox 827 435 863 454; x_wconf 90' lang='lat' dir='ltr'>ac</span> <span class='ocrx_word' id='word_1_61' title='bbox 891 424 1006 454; x_wconf 82' lang='lat' dir='ltr'>ceteris</span> <span class='ocrx_word' id='word_1_62' title='bbox 1030 424 1234 464; x_wconf 70' lang='lat' dir='ltr'>pertinenciis</span> <span class='ocrx_word' id='word_1_63' title='bbox 1258 424 1336 463; x_wconf 68' lang='lat' dir='ltr'>suis,</span> <span class='ocrx_word' id='word_1_64' title='bbox 1367 424 1398 453; x_wconf 95' lang='lat' dir='ltr'>in</span> <span class='ocrx_word' id='word_1_65' title='bbox 1430 423 1682 464; x_wconf 87' lang='lat' dir='ltr'>quibuscumque</span> <span class='ocrx_word' id='word_1_66' title='bbox 1707 424 1802 454; x_wconf 87' lang='lat' dir='ltr'>rebus</span> <span class='ocrx_word' id='word_1_67' title='bbox 1826 425 2009 465; x_wconf 76' lang='lat' dir='ltr'>consistant,</span> 
     </span>
     <span class='ocr_line' id='line_1_7' title="bbox 360 474 2011 516; baseline 0.001 -10"><span class='ocrx_word' id='word_1_68' title='bbox 360 480 414 506; x_wconf 79' lang='lat' dir='ltr'>aut</span> <span class='ocrx_word' id='word_1_69' title='bbox 450 475 690 516; x_wconf 68' lang='lat' dir='ltr'>quibuscunque</span> <span class='ocrx_word' id='word_1_70' title='bbox 721 475 913 516; x_wconf 66' lang='lat' dir='ltr'>specialibus</span> <span class='ocrx_word' id='word_1_71' title='bbox 941 474 1104 505; x_wconf 81' lang='lat' dir='ltr'>vocabulis</span> <span class='ocrx_word' id='word_1_72' title='bbox 1129 475 1363 514; x_wconf 73' lang='lat' dir='ltr'>exprimantur,</span> <span class='ocrx_word' id='word_1_73' title='bbox 1388 485 1450 515; x_wconf 87' lang='lat' dir='ltr'>que</span> <span class='ocrx_word' id='word_1_74' title='bbox 1479 475 1520 504; x_wconf 86' lang='lat' dir='ltr'>ad</span> <span class='ocrx_word' id='word_1_75' title='bbox 1544 475 1743 515; x_wconf 87' lang='lat' dir='ltr'>supradictos</span> <span class='ocrx_word' id='word_1_76' title='bbox 1766 500 1772 505; x_wconf 88' lang='lat'>.</span> <span class='ocrx_word' id='word_1_77' title='bbox 1790 500 1796 505; x_wconf 91' lang='lat'>.</span> <span class='ocrx_word' id='word_1_78' title='bbox 1822 476 1954 506; x_wconf 84' lang='lat' dir='ltr'>ducatus</span> <span class='ocrx_word' id='word_1_79' title='bbox 1978 480 2011 507; x_wconf 87' lang='lat' dir='ltr'>et</span> 
     </span>
     <span class='ocr_line' id='line_1_8' title="bbox 356 526 2012 568; baseline 0.001 -12"><span class='ocrx_word' id='word_1_80' title='bbox 356 527 555 567; x_wconf 74' lang='lat' dir='ltr'>principatus</span> <span class='ocrx_word' id='word_1_81' title='bbox 585 528 744 566; x_wconf 75' lang='lat' dir='ltr'>pertinent</span> <span class='ocrx_word' id='word_1_82' title='bbox 773 527 821 556; x_wconf 80' lang='lat' dir='ltr'>vel</span> <span class='ocrx_word' id='word_1_83' title='bbox 852 526 892 556; x_wconf 76' lang='lat' dir='ltr'>ab</span> <span class='ocrx_word' id='word_1_84' title='bbox 921 526 1050 566; x_wconf 78' lang='lat' dir='ltr'>antiquo</span> <span class='ocrx_word' id='word_1_85' title='bbox 1079 526 1273 566; x_wconf 74' lang='lat' dir='ltr'>pertinuisse</span> <span class='ocrx_word' id='word_1_86' title='bbox 1304 529 1492 564; x_wconf 86' lang='lat' dir='ltr'>noscuntur,</span> <span class='ocrx_word' id='word_1_87' title='bbox 1521 527 1712 557; x_wconf 84' lang='lat' dir='ltr'>auctoritate</span> <span class='ocrx_word' id='word_1_88' title='bbox 1740 527 1828 568; x_wconf 83' lang='lat' dir='ltr'>regia</span> <span class='ocrx_word' id='word_1_89' title='bbox 1856 527 1947 558; x_wconf 85' lang='lat' dir='ltr'>nobis</span> <span class='ocrx_word' id='word_1_90' title='bbox 1971 538 2012 558; x_wconf 83' lang='lat' dir='ltr'>ex</span> 
     </span>
     <span class='ocr_line' id='line_1_9' title="bbox 361 576 2010 619; baseline 0.001 -11"><span class='ocrx_word' id='word_1_91' title='bbox 361 588 451 608; x_wconf 86' lang='lat' dir='ltr'>sacro</span> <span class='ocrx_word' id='word_1_92' title='bbox 476 577 623 608; x_wconf 73' lang='lat' dir='ltr'>Romano</span> <span class='ocrx_word' id='word_1_93' title='bbox 650 579 784 618; x_wconf 87' lang='lat' dir='ltr'>imperio</span> <span class='ocrx_word' id='word_1_94' title='bbox 802 578 999 617; x_wconf 73' lang='lat' dir='ltr'>competenti</span> <span class='ocrx_word' id='word_1_95' title='bbox 1016 577 1208 607; x_wconf 80' lang='lat' dir='ltr'>contulimus</span> <span class='ocrx_word' id='word_1_96' title='bbox 1225 580 1257 607; x_wconf 89' lang='lat' dir='ltr'>et</span> <span class='ocrx_word' id='word_1_97' title='bbox 1274 576 1466 607; x_wconf 85' lang='lat' dir='ltr'>conferimus</span> <span class='ocrx_word' id='word_1_98' title='bbox 1483 578 1513 607; x_wconf 89' lang='lat' dir='ltr'>in</span> <span class='ocrx_word' id='word_1_99' title='bbox 1531 578 1671 617; x_wconf 77' lang='lat' dir='ltr'>presenti</span> <span class='ocrx_word' id='word_1_100' title='bbox 1687 578 1854 618; x_wconf 87' lang='lat' dir='ltr'>ipsumque</span> <span class='ocrx_word' id='word_1_101' title='bbox 1871 579 2010 619; x_wconf 82' lang='lat' dir='ltr'>Barnym</span> 
     </span>
     <span class='ocr_line' id='line_1_10' title="bbox 360 628 2012 668; baseline 0.001 -10"><span class='ocrx_word' id='word_1_102' title='bbox 360 629 473 659; x_wconf 91' lang='lat' dir='ltr'>ducem</span> <span class='ocrx_word' id='word_1_103' title='bbox 499 639 555 658; x_wconf 88' lang='lat' dir='ltr'>suo</span> <span class='ocrx_word' id='word_1_104' title='bbox 583 633 613 659; x_wconf 88' lang='lat' dir='ltr'>et</span> <span class='ocrx_word' id='word_1_105' title='bbox 638 629 791 659; x_wconf 78' lang='lat' dir='ltr'>heredum</span> <span class='ocrx_word' id='word_1_106' title='bbox 816 639 945 658; x_wconf 86' lang='lat' dir='ltr'>suorum</span> <span class='ocrx_word' id='word_1_107' title='bbox 970 629 1098 658; x_wconf 87' lang='lat' dir='ltr'>nomine</span> <span class='ocrx_word' id='word_1_108' title='bbox 1123 632 1249 668; x_wconf 85' lang='lat' dir='ltr'>sceptro</span> <span class='ocrx_word' id='word_1_109' title='bbox 1275 631 1382 658; x_wconf 88' lang='lat' dir='ltr'>nostro</span> <span class='ocrx_word' id='word_1_110' title='bbox 1407 628 1507 668; x_wconf 76' lang='lat' dir='ltr'>regali</span> <span class='ocrx_word' id='word_1_111' title='bbox 1531 629 1749 659; x_wconf 83' lang='lat' dir='ltr'>investivimus</span> <span class='ocrx_word' id='word_1_112' title='bbox 1773 632 1805 659; x_wconf 88' lang='lat' dir='ltr'>et</span> <span class='ocrx_word' id='word_1_113' title='bbox 1828 630 2012 660; x_wconf 81' lang='lat' dir='ltr'>investimus</span> 
     </span>
     <span class='ocr_line' id='line_1_11' title="bbox 356 679 2010 721; baseline 0.001 -11"><span class='ocrx_word' id='word_1_114' title='bbox 356 679 396 710; x_wconf 85' lang='lat' dir='ltr'>de</span> <span class='ocrx_word' id='word_1_115' title='bbox 424 680 570 710; x_wconf 78' lang='lat' dir='ltr'>omnibus</span> <span class='ocrx_word' id='word_1_116' title='bbox 595 680 785 720; x_wconf 79' lang='lat' dir='ltr'>supradictis</span> <span class='ocrx_word' id='word_1_117' title='bbox 809 679 961 709; x_wconf 80' lang='lat' dir='ltr'>adhibitis</span> <span class='ocrx_word' id='word_1_118' title='bbox 986 679 1275 719; x_wconf 82' lang='lat' dir='ltr'>sollempnitatibus</span> <span class='ocrx_word' id='word_1_119' title='bbox 1301 679 1416 710; x_wconf 82' lang='lat' dir='ltr'>debitis</span> <span class='ocrx_word' id='word_1_120' title='bbox 1433 682 1466 709; x_wconf 87' lang='lat' dir='ltr'>et</span> <span class='ocrx_word' id='word_1_121' title='bbox 1482 680 1650 710; x_wconf 89' lang='lat' dir='ltr'>conswetis</span> <span class='ocrx_word' id='word_1_122' title='bbox 1672 680 1850 721; x_wconf 85' lang='lat' dir='ltr'>ipsumque,</span> <span class='ocrx_word' id='word_1_123' title='bbox 1874 681 2010 712; x_wconf 86' lang='lat' dir='ltr'>heredes</span> 
     </span>
     <span class='ocr_line' id='line_1_12' title="bbox 356 729 2012 773; baseline 0.002 -13"><span class='ocrx_word' id='word_1_124' title='bbox 356 734 391 761; x_wconf 76' lang='lat' dir='ltr'>et</span> <span class='ocrx_word' id='word_1_125' title='bbox 415 741 615 761; x_wconf 83' lang='lat' dir='ltr'>successores</span> <span class='ocrx_word' id='word_1_126' title='bbox 641 731 738 770; x_wconf 77' lang='lat' dir='ltr'>ipsius</span> <span class='ocrx_word' id='word_1_127' title='bbox 764 740 835 760; x_wconf 87' lang='lat' dir='ltr'>cum</span> <span class='ocrx_word' id='word_1_128' title='bbox 861 729 1038 767; x_wconf 83' lang='lat' dir='ltr'>ducatibus,</span> <span class='ocrx_word' id='word_1_129' title='bbox 1064 729 1303 770; x_wconf 76' lang='lat' dir='ltr'>principatibus,</span> <span class='ocrx_word' id='word_1_130' title='bbox 1328 731 1429 767; x_wconf 83' lang='lat' dir='ltr'>terris,</span> <span class='ocrx_word' id='word_1_131' title='bbox 1454 730 1601 760; x_wconf 90' lang='lat' dir='ltr'>dominiis</span> <span class='ocrx_word' id='word_1_132' title='bbox 1618 733 1650 761; x_wconf 90' lang='lat' dir='ltr'>et</span> <span class='ocrx_word' id='word_1_133' title='bbox 1666 731 1811 762; x_wconf 84' lang='lat' dir='ltr'>omnibus</span> <span class='ocrx_word' id='word_1_134' title='bbox 1828 742 1864 762; x_wconf 83' lang='lat' dir='ltr'>ac</span> <span class='ocrx_word' id='word_1_135' title='bbox 1881 733 2012 773; x_wconf 86' lang='lat' dir='ltr'>singulis</span> 
     </span>
     <span class='ocr_line' id='line_1_13' title="bbox 356 781 2012 822; baseline 0.002 -12"><span class='ocrx_word' id='word_1_136' title='bbox 356 781 448 812; x_wconf 85' lang='lat' dir='ltr'>bonis</span> <span class='ocrx_word' id='word_1_137' title='bbox 471 782 660 822; x_wconf 47' lang='grc' dir='ltr'>511Ρ111111011»4</span> <span class='ocrx_word' id='word_1_138' title='bbox 682 782 711 811; x_wconf 91' lang='grc'>111</span> <span class='ocrx_word' id='word_1_139' title='bbox 734 785 873 812; x_wconf 79' lang='lat' dir='ltr'>nostram</span> <span class='ocrx_word' id='word_1_140' title='bbox 896 786 928 812; x_wconf 90' lang='lat' dir='ltr'>et</span> <span class='ocrx_word' id='word_1_141' title='bbox 950 782 1029 812; x_wconf 87' lang='lat' dir='ltr'>sacri</span> <span class='ocrx_word' id='word_1_142' title='bbox 1046 781 1183 812; x_wconf 81' lang='lat' dir='ltr'>Romani</span> <span class='ocrx_word' id='word_1_143' title='bbox 1201 782 1326 821; x_wconf 85' lang='lat' dir='ltr'>imperii</span> <span class='ocrx_word' id='word_1_144' title='bbox 1342 783 1585 822; x_wconf 86' lang='lat' dir='ltr'>protectionem,</span> <span class='ocrx_word' id='word_1_145' title='bbox 1609 783 1779 813; x_wconf 86' lang='lat' dir='ltr'>tuicionem</span> <span class='ocrx_word' id='word_1_146' title='bbox 1798 794 1835 814; x_wconf 87' lang='lat' dir='ltr'>ac</span> <span class='ocrx_word' id='word_1_147' title='bbox 1851 783 2012 815; x_wconf 83' lang='lat' dir='ltr'>defensio-</span> 
     </span>
     <span class='ocr_line' id='line_1_14' title="bbox 361 832 2015 873; baseline 0.002 -10"><span class='ocrx_word' id='word_1_148' title='bbox 361 843 434 863; x_wconf 87' lang='lat' dir='ltr'>nem</span> <span class='ocrx_word' id='word_1_149' title='bbox 459 833 606 863; x_wconf 83' lang='lat' dir='ltr'>duximus</span> <span class='ocrx_word' id='word_1_150' title='bbox 623 832 860 863; x_wconf 75' lang='lat' dir='ltr'>assuinendmn</span> <span class='ocrx_word' id='word_1_151' title='bbox 900 833 1129 863; x_wconf 86' lang='lat' dir='ltr'>Promittentes</span> <span class='ocrx_word' id='word_1_152' title='bbox 1147 836 1178 862; x_wconf 90' lang='lat' dir='ltr'>et</span> <span class='ocrx_word' id='word_1_153' title='bbox 1195 833 1389 873; x_wconf 85' lang='lat' dir='ltr'>spondentes</span> <span class='ocrx_word' id='word_1_154' title='bbox 1406 843 1462 873; x_wconf 87' lang='lat' dir='ltr'>pro</span> <span class='ocrx_word' id='word_1_155' title='bbox 1479 833 1571 864; x_wconf 86' lang='lat' dir='ltr'>nobis</span> <span class='ocrx_word' id='word_1_156' title='bbox 1588 837 1620 864; x_wconf 84' lang='lat' dir='ltr'>et</span> <span class='ocrx_word' id='word_1_157' title='bbox 1643 834 1877 865; x_wconf 87' lang='lat' dir='ltr'>successoribus</span> <span class='ocrx_word' id='word_1_158' title='bbox 1900 836 2015 866; x_wconf 90' lang='lat' dir='ltr'>nostris</span> 
     </span>
     <span class='ocr_line' id='line_1_15' title="bbox 387 883 2012 924; baseline 0.002 -10"><span class='ocrx_word' id='word_1_159' title='bbox 387 909 392 915; x_wconf 92' lang='lat'><strong>.</strong></span> <span class='ocrx_word' id='word_1_160' title='bbox 418 883 664 924; x_wconf 77' lang='lat' dir='ltr'>imperatoribus</span> <span class='ocrx_word' id='word_1_161' title='bbox 695 887 726 914; x_wconf 85' lang='lat' dir='ltr'>et</span> <span class='ocrx_word' id='word_1_162' title='bbox 758 883 886 924; x_wconf 81' lang='lat' dir='ltr'>regibus</span> <span class='ocrx_word' id='word_1_163' title='bbox 910 883 1127 914; x_wconf 84' lang='lat' dir='ltr'>Romanorum</span> <span class='ocrx_word' id='word_1_164' title='bbox 1153 885 1238 924; x_wconf 87' lang='lat' dir='ltr'>ipsos</span> <span class='ocrx_word' id='word_1_165' title='bbox 1274 894 1292 914; x_wconf 81' lang='lat' dir='ltr'>a</span> <span class='ocrx_word' id='word_1_166' title='bbox 1326 884 1495 915; x_wconf 84' lang='lat' dir='ltr'>cuiuslibet</span> <span class='ocrx_word' id='word_1_167' title='bbox 1528 885 1721 916; x_wconf 89' lang='lat' dir='ltr'>iniuriatoris</span> <span class='ocrx_word' id='word_1_168' title='bbox 1755 895 1812 916; x_wconf 82' lang='lat' dir='ltr'>seu</span> <span class='ocrx_word' id='word_1_169' title='bbox 1846 886 2012 917; x_wconf 86' lang='lat' dir='ltr'>offensoris</span> 
     </span>
     <span class='ocr_line' id='line_1_16' title="bbox 360 935 2009 976; baseline 0.003 -13"><span class='ocrx_word' id='word_1_170' title='bbox 360 935 516 965; x_wconf 80' lang='lat' dir='ltr'>violencia</span> <span class='ocrx_word' id='word_1_171' title='bbox 552 936 632 965; x_wconf 85' lang='lat' dir='ltr'>tueri</span> <span class='ocrx_word' id='word_1_172' title='bbox 670 939 701 965; x_wconf 86' lang='lat' dir='ltr'>et</span> <span class='ocrx_word' id='word_1_173' title='bbox 729 936 758 965; x_wconf 92' lang='lat' dir='ltr'>in</span> <span class='ocrx_word' id='word_1_174' title='bbox 790 936 929 975; x_wconf 88' lang='lat' dir='ltr'>ipsorum</span> <span class='ocrx_word' id='word_1_175' title='bbox 965 935 1084 965; x_wconf 89' lang='lat' dir='ltr'>iuribus</span> <span class='ocrx_word' id='word_1_176' title='bbox 1113 945 1311 966; x_wconf 83' lang='lat' dir='ltr'>conservare.</span> <span class='ocrx_word' id='word_1_177' title='bbox 1362 935 1430 966; x_wconf 89' lang='lat' dir='ltr'>Nec</span> <span class='ocrx_word' id='word_1_178' title='bbox 1458 947 1519 966; x_wconf 91' lang='lat' dir='ltr'>non</span> <span class='ocrx_word' id='word_1_179' title='bbox 1548 935 1685 966; x_wconf 84' lang='lat' dir='ltr'>eundem</span> <span class='ocrx_word' id='word_1_180' title='bbox 1714 935 1854 976; x_wconf 74' lang='lat' dir='ltr'>Barnym</span> <span class='ocrx_word' id='word_1_181' title='bbox 1885 937 2009 975; x_wconf 85' lang='lat' dir='ltr'>ducem,</span> 
     </span>
     <span class='ocr_line' id='line_1_17' title="bbox 358 986 2012 1028; baseline 0.002 -12"><span class='ocrx_word' id='word_1_182' title='bbox 358 986 495 1016; x_wconf 73' lang='lat' dir='ltr'>heredes</span> <span class='ocrx_word' id='word_1_183' title='bbox 521 989 552 1016; x_wconf 84' lang='lat' dir='ltr'>ct</span> <span class='ocrx_word' id='word_1_184' title='bbox 576 997 776 1017; x_wconf 74' lang='lat' dir='ltr'>successores</span> <span class='ocrx_word' id='word_1_185' title='bbox 800 987 908 1027; x_wconf 80' lang='lat' dir='ltr'>ipsius,</span> <span class='ocrx_word' id='word_1_186' title='bbox 934 987 1015 1017; x_wconf 85' lang='lat' dir='ltr'>sacri</span> <span class='ocrx_word' id='word_1_187' title='bbox 1039 987 1164 1027; x_wconf 91' lang='lat' dir='ltr'>imperii</span> <span class='ocrx_word' id='word_1_188' title='bbox 1189 987 1348 1027; x_wconf 86' lang='lat' dir='ltr'>principes</span> <span class='ocrx_word' id='word_1_189' title='bbox 1365 990 1397 1018; x_wconf 90' lang='lat' dir='ltr'>et</span> <span class='ocrx_word' id='word_1_190' title='bbox 1413 987 1561 1024; x_wconf 81' lang='lat' dir='ltr'>vasallos,</span> <span class='ocrx_word' id='word_1_191' title='bbox 1582 998 1653 1017; x_wconf 82' lang='lat' dir='ltr'>cuni</span> <span class='ocrx_word' id='word_1_192' title='bbox 1674 987 1825 1028; x_wconf 83' lang='lat' dir='ltr'>predictis</span> <span class='ocrx_word' id='word_1_193' title='bbox 1842 1012 1848 1018; x_wconf 92' lang='lat'><strong>.</strong></span> <span class='ocrx_word' id='word_1_194' title='bbox 1867 1013 1873 1019; x_wconf 88' lang='lat'>.</span> <span class='ocrx_word' id='word_1_195' title='bbox 1892 989 2012 1020; x_wconf 85' lang='lat' dir='ltr'>ducati-</span> 
     </span>
     <span class='ocr_line' id='line_1_18' title="bbox 360 1037 2011 1079; baseline 0.002 -12"><span class='ocrx_word' id='word_1_196' title='bbox 360 1037 435 1076; x_wconf 79' lang='lat' dir='ltr'>bus,</span> <span class='ocrx_word' id='word_1_197' title='bbox 460 1037 710 1078; x_wconf 75' lang='lat' dir='ltr'>principatibus,</span> <span class='ocrx_word' id='word_1_198' title='bbox 744 1039 836 1068; x_wconf 84' lang='lat' dir='ltr'>terris</span> <span class='ocrx_word' id='word_1_199' title='bbox 865 1042 897 1068; x_wconf 86' lang='lat' dir='ltr'>ct</span> <span class='ocrx_word' id='word_1_200' title='bbox 921 1038 1070 1068; x_wconf 87' lang='lat' dir='ltr'>dominiis</span> <span class='ocrx_word' id='word_1_201' title='bbox 1093 1039 1247 1068; x_wconf 86' lang='lat' dir='ltr'>universis</span> <span class='ocrx_word' id='word_1_202' title='bbox 1271 1049 1361 1069; x_wconf 83' lang='lat' dir='ltr'>sacro</span> <span class='ocrx_word' id='word_1_203' title='bbox 1385 1038 1531 1069; x_wconf 78' lang='lat' dir='ltr'>Romano</span> <span class='ocrx_word' id='word_1_204' title='bbox 1556 1039 1706 1079; x_wconf 91' lang='lat' dir='ltr'>imperio,</span> <span class='ocrx_word' id='word_1_205' title='bbox 1735 1039 1774 1069; x_wconf 89' lang='lat' dir='ltr'>de</span> <span class='ocrx_word' id='word_1_206' title='bbox 1799 1040 1886 1069; x_wconf 87' lang='lat' dir='ltr'>cuius</span> <span class='ocrx_word' id='word_1_207' title='bbox 1909 1040 2011 1071; x_wconf 87' lang='lat' dir='ltr'>eciam</span> 
     </span>
     <span class='ocr_line' id='line_1_19' title="bbox 358 1089 2010 1132; baseline 0.001 -13"><span class='ocrx_word' id='word_1_208' title='bbox 358 1099 491 1129; x_wconf 82' lang='lat' dir='ltr'>corpore</span> <span class='ocrx_word' id='word_1_209' title='bbox 516 1089 690 1129; x_wconf 82' lang='lat' dir='ltr'>antiquitus</span> <span class='ocrx_word' id='word_1_210' title='bbox 719 1090 906 1127; x_wconf 81' lang='lat' dir='ltr'>extiterunt,</span> <span class='ocrx_word' id='word_1_211' title='bbox 936 1091 1225 1130; x_wconf 83' lang='lat' dir='ltr'>reincorporamus,</span> <span class='ocrx_word' id='word_1_212' title='bbox 1255 1089 1459 1130; x_wconf 85' lang='lat' dir='ltr'>adiungimus</span> <span class='ocrx_word' id='word_1_213' title='bbox 1484 1094 1516 1121; x_wconf 90' lang='lat' dir='ltr'>et</span> <span class='ocrx_word' id='word_1_214' title='bbox 1540 1089 1579 1120; x_wconf 87' lang='lat' dir='ltr'>de</span> <span class='ocrx_word' id='word_1_215' title='bbox 1603 1091 1691 1130; x_wconf 86' lang='lat' dir='ltr'>regie</span> <span class='ocrx_word' id='word_1_216' title='bbox 1717 1092 1884 1131; x_wconf 85' lang='lat' dir='ltr'>potestatis</span> <span class='ocrx_word' id='word_1_217' title='bbox 1908 1091 2010 1132; x_wconf 86' lang='lat' dir='ltr'>pleni-</span> 
     </span>
     <span class='ocr_line' id='line_1_20' title="bbox 359 1140 2010 1182; baseline 0.002 -13"><span class='ocrx_word' id='word_1_218' title='bbox 359 1140 466 1170; x_wconf 75' lang='lat' dir='ltr'>tudine</span> <span class='ocrx_word' id='word_1_219' title='bbox 494 1150 534 1170; x_wconf 81' lang='lat' dir='ltr'>ex</span> <span class='ocrx_word' id='word_1_220' title='bbox 558 1141 667 1170; x_wconf 75' lang='lat' dir='ltr'>innata</span> <span class='ocrx_word' id='word_1_221' title='bbox 691 1140 781 1170; x_wconf 86' lang='lat' dir='ltr'>nobis</span> <span class='ocrx_word' id='word_1_222' title='bbox 806 1141 981 1171; x_wconf 78' lang='lat' dir='ltr'>clemencia</span> <span class='ocrx_word' id='word_1_223' title='bbox 1005 1141 1176 1175; x_wconf 80' lang='lat' dir='ltr'>reuninius,</span> <span class='ocrx_word' id='word_1_224' title='bbox 1202 1141 1422 1180; x_wconf 77' lang='lat' dir='ltr'>decernentes,</span> <span class='ocrx_word' id='word_1_225' title='bbox 1447 1141 1531 1182; x_wconf 89' lang='lat' dir='ltr'>quod</span> <span class='ocrx_word' id='word_1_226' title='bbox 1557 1141 1756 1182; x_wconf 83' lang='lat' dir='ltr'>supradictus</span> <span class='ocrx_word' id='word_1_227' title='bbox 1775 1141 1850 1182; x_wconf 85' lang='lat' dir='ltr'>dux,</span> <span class='ocrx_word' id='word_1_228' title='bbox 1874 1142 2010 1173; x_wconf 87' lang='lat' dir='ltr'>heredes</span> 
     </span>
     <span class='ocr_line' id='line_1_21' title="bbox 356 1191 2010 1233; baseline 0.003 -13"><span class='ocrx_word' id='word_1_229' title='bbox 356 1194 387 1220; x_wconf 87' lang='lat' dir='ltr'>et</span> <span class='ocrx_word' id='word_1_230' title='bbox 419 1201 619 1222; x_wconf 80' lang='lat' dir='ltr'>successores</span> <span class='ocrx_word' id='word_1_231' title='bbox 651 1192 748 1232; x_wconf 78' lang='lat' dir='ltr'>ipsius</span> <span class='ocrx_word' id='word_1_232' title='bbox 777 1191 873 1223; x_wconf 71' lang='lat' dir='ltr'>duces</span> <span class='ocrx_word' id='word_1_233' title='bbox 903 1191 1154 1232; x_wconf 47' lang='lat' dir='ltr'>Stetynrenscsl,</span> <span class='ocrx_word' id='word_1_234' title='bbox 1179 1192 1446 1226; x_wconf 80' lang='lat' dir='ltr'>Pomeranorum.</span> <span class='ocrx_word' id='word_1_235' title='bbox 1476 1192 1643 1223; x_wconf 83' lang='lat' dir='ltr'>Slavorum</span> <span class='ocrx_word' id='word_1_236' title='bbox 1672 1196 1704 1224; x_wconf 88' lang='lat' dir='ltr'>et</span> <span class='ocrx_word' id='word_1_237' title='bbox 1727 1193 1951 1233; x_wconf 84' lang='lat' dir='ltr'>Cassuborum,</span> <span class='ocrx_word' id='word_1_238' title='bbox 1977 1198 2010 1225; x_wconf 89' lang='lat' dir='ltr'>ut</span> 
     </span>
     <span class='ocr_line' id='line_1_22' title="bbox 358 1241 2010 1284; baseline 0.003 -13"><span class='ocrx_word' id='word_1_239' title='bbox 358 1241 528 1282; x_wconf 75' lang='lat' dir='ltr'>prefertur,</span> <span class='ocrx_word' id='word_1_240' title='bbox 554 1244 593 1273; x_wconf 86' lang='lat' dir='ltr'>ad</span> <span class='ocrx_word' id='word_1_241' title='bbox 620 1254 675 1273; x_wconf 78' lang='lat' dir='ltr'>nos</span> <span class='ocrx_word' id='word_1_242' title='bbox 700 1247 732 1273; x_wconf 89' lang='lat' dir='ltr'>ct</span> <span class='ocrx_word' id='word_1_243' title='bbox 756 1243 796 1274; x_wconf 90' lang='lat' dir='ltr'>ad</span> <span class='ocrx_word' id='word_1_244' title='bbox 820 1254 945 1274; x_wconf 82' lang='lat' dir='ltr'>sacrum</span> <span class='ocrx_word' id='word_1_245' title='bbox 962 1244 1142 1274; x_wconf 80' lang='lat' dir='ltr'>Romanuin</span> <span class='ocrx_word' id='word_1_246' title='bbox 1162 1245 1328 1284; x_wconf 86' lang='lat' dir='ltr'>imperium</span> <span class='ocrx_word' id='word_1_247' title='bbox 1348 1247 1379 1275; x_wconf 90' lang='lat' dir='ltr'>et</span> <span class='ocrx_word' id='word_1_248' title='bbox 1395 1244 1435 1274; x_wconf 88' lang='lat' dir='ltr'>ad</span> <span class='ocrx_word' id='word_1_249' title='bbox 1452 1254 1651 1275; x_wconf 83' lang='lat' dir='ltr'>successores</span> <span class='ocrx_word' id='word_1_250' title='bbox 1667 1247 1792 1275; x_wconf 80' lang='lat' dir='ltr'>nostros</span> <span class='ocrx_word' id='word_1_251' title='bbox 1815 1245 1846 1274; x_wconf 91' lang='lat' dir='ltr'>in</span> <span class='ocrx_word' id='word_1_252' title='bbox 1863 1244 2010 1276; x_wconf 85' lang='lat' dir='ltr'>Romano</span> 
     </span>
     <span class='ocr_line' id='line_1_23' title="bbox 357 1293 2009 1336; baseline 0.003 -14"><span class='ocrx_word' id='word_1_253' title='bbox 357 1303 456 1333; x_wconf 80' lang='lat' dir='ltr'>regno</span> <span class='ocrx_word' id='word_1_254' title='bbox 483 1293 533 1323; x_wconf 77' lang='lat' dir='ltr'>vol</span> <span class='ocrx_word' id='word_1_255' title='bbox 557 1294 691 1334; x_wconf 82' lang='lat' dir='ltr'>imperio</span> <span class='ocrx_word' id='word_1_256' title='bbox 717 1295 890 1325; x_wconf 80' lang='lat' dir='ltr'>inmediate</span> <span class='ocrx_word' id='word_1_257' title='bbox 916 1296 1096 1336; x_wconf 81' lang='lat' dir='ltr'>pertineant</span> <span class='ocrx_word' id='word_1_258' title='bbox 1126 1299 1156 1325; x_wconf 88' lang='lat' dir='ltr'>et</span> <span class='ocrx_word' id='word_1_259' title='bbox 1181 1307 1199 1326; x_wconf 83' lang='lat' dir='ltr'>a</span> <span class='ocrx_word' id='word_1_260' title='bbox 1223 1296 1314 1326; x_wconf 87' lang='lat' dir='ltr'>nobis</span> <span class='ocrx_word' id='word_1_261' title='bbox 1339 1306 1376 1326; x_wconf 81' lang='lat' dir='ltr'>ac</span> <span class='ocrx_word' id='word_1_262' title='bbox 1401 1296 1522 1326; x_wconf 86' lang='lat' dir='ltr'>eisdem</span> <span class='ocrx_word' id='word_1_263' title='bbox 1547 1295 1782 1326; x_wconf 85' lang='lat' dir='ltr'>successoribus</span> <span class='ocrx_word' id='word_1_264' title='bbox 1807 1296 2009 1336; x_wconf 83' lang='lat' dir='ltr'>imperatori-</span> 
     </span>
     <span class='ocr_line' id='line_1_24' title="bbox 362 1343 2011 1388; baseline 0.003 -15"><span class='ocrx_word' id='word_1_265' title='bbox 362 1343 420 1373; x_wconf 80' lang='lat' dir='ltr'>bus</span> <span class='ocrx_word' id='word_1_266' title='bbox 445 1355 502 1374; x_wconf 79' lang='lat' dir='ltr'>seu</span> <span class='ocrx_word' id='word_1_267' title='bbox 526 1345 654 1385; x_wconf 76' lang='lat' dir='ltr'>regibus</span> <span class='ocrx_word' id='word_1_268' title='bbox 678 1345 895 1377; x_wconf 85' lang='lat' dir='ltr'>Romanorum</span> <span class='ocrx_word' id='word_1_269' title='bbox 922 1347 1069 1381; x_wconf 71' lang='lat' dir='ltr'>ducatus,</span> <span class='ocrx_word' id='word_1_270' title='bbox 1096 1347 1306 1387; x_wconf 76' lang='lat' dir='ltr'>principatus,</span> <span class='ocrx_word' id='word_1_271' title='bbox 1331 1351 1447 1385; x_wconf 83' lang='lat' dir='ltr'>terras,</span> <span class='ocrx_word' id='word_1_272' title='bbox 1473 1347 1614 1378; x_wconf 88' lang='lat' dir='ltr'>dominia</span> <span class='ocrx_word' id='word_1_273' title='bbox 1643 1350 1675 1378; x_wconf 89' lang='lat' dir='ltr'>et</span> <span class='ocrx_word' id='word_1_274' title='bbox 1698 1350 1806 1378; x_wconf 85' lang='lat' dir='ltr'>cetera</span> <span class='ocrx_word' id='word_1_275' title='bbox 1829 1348 2011 1388; x_wconf 87' lang='lat' dir='ltr'>supradicta</span> 
     </span>
     <span class='ocr_line' id='line_1_25' title="bbox 359 1395 2008 1439; baseline 0.003 -14"><span class='ocrx_word' id='word_1_276' title='bbox 359 1396 389 1425; x_wconf 92' lang='lat' dir='ltr'>in</span> <span class='ocrx_word' id='word_1_277' title='bbox 415 1395 576 1435; x_wconf 88' lang='lat' dir='ltr'>pheudum</span> <span class='ocrx_word' id='word_1_278' title='bbox 603 1397 759 1437; x_wconf 82' lang='lat' dir='ltr'>accipient</span> <span class='ocrx_word' id='word_1_279' title='bbox 783 1398 938 1438; x_wconf 84' lang='lat' dir='ltr'>nobisque</span> <span class='ocrx_word' id='word_1_280' title='bbox 965 1402 996 1429; x_wconf 85' lang='lat' dir='ltr'>et</span> <span class='ocrx_word' id='word_1_281' title='bbox 1021 1398 1142 1428; x_wconf 85' lang='lat' dir='ltr'>eisdem</span> <span class='ocrx_word' id='word_1_282' title='bbox 1167 1399 1403 1429; x_wconf 77' lang='lat' dir='ltr'>successoribus</span> <span class='ocrx_word' id='word_1_283' title='bbox 1428 1402 1460 1429; x_wconf 90' lang='lat' dir='ltr'>et</span> <span class='ocrx_word' id='word_1_284' title='bbox 1482 1399 1540 1439; x_wconf 89' lang='lat' dir='ltr'>ipsi</span> <span class='ocrx_word' id='word_1_285' title='bbox 1566 1399 1699 1439; x_wconf 86' lang='lat' dir='ltr'>imperio</span> <span class='ocrx_word' id='word_1_286' title='bbox 1715 1398 1861 1429; x_wconf 83' lang='lat' dir='ltr'>Romano</span> <span class='ocrx_word' id='word_1_287' title='bbox 1886 1403 2008 1439; x_wconf 83' lang='lat' dir='ltr'>presta-</span> 
     </span>
     <span class='ocr_line' id='line_1_26' title="bbox 357 1446 2008 1490; baseline 0.003 -14"><span class='ocrx_word' id='word_1_288' title='bbox 357 1446 438 1476; x_wconf 91' lang='lat' dir='ltr'>bunt</span> <span class='ocrx_word' id='word_1_289' title='bbox 462 1446 634 1481; x_wconf 77' lang='lat' dir='ltr'>fidelitatis,</span> <span class='ocrx_word' id='word_1_290' title='bbox 660 1448 858 1485; x_wconf 84' lang='lat' dir='ltr'>obediencie,</span> <span class='ocrx_word' id='word_1_291' title='bbox 884 1449 1025 1490; x_wconf 76' lang='lat' dir='ltr'>homagii</span> <span class='ocrx_word' id='word_1_292' title='bbox 1050 1454 1081 1480; x_wconf 87' lang='lat' dir='ltr'>ct</span> <span class='ocrx_word' id='word_1_293' title='bbox 1105 1450 1310 1480; x_wconf 81' lang='lat' dir='ltr'>subiectionis</span> <span class='ocrx_word' id='word_1_294' title='bbox 1334 1449 1441 1480; x_wconf 86' lang='lat' dir='ltr'>debite</span> <span class='ocrx_word' id='word_1_295' title='bbox 1466 1450 1654 1489; x_wconf 81' lang='lat' dir='ltr'>iuramenta,</span> <span class='ocrx_word' id='word_1_296' title='bbox 1678 1450 1763 1490; x_wconf 88' lang='lat' dir='ltr'>ipsos</span> <span class='ocrx_word' id='word_1_297' title='bbox 1787 1449 2008 1481; x_wconf 87' lang='lat' dir='ltr'>nichilominus</span> 
     </span>
     <span class='ocr_line' id='line_1_27' title="bbox 359 1496 2008 1542; baseline 0.003 -15"><span class='ocrx_word' id='word_1_298' title='bbox 359 1496 497 1528; x_wconf 84' lang='lat' dir='ltr'>heredes</span> <span class='ocrx_word' id='word_1_299' title='bbox 522 1503 552 1528; x_wconf 90' lang='lat' dir='ltr'>et</span> <span class='ocrx_word' id='word_1_300' title='bbox 577 1509 776 1530; x_wconf 65' lang='lat' dir='ltr'>successores</span> <span class='ocrx_word' id='word_1_301' title='bbox 801 1501 942 1540; x_wconf 86' lang='lat' dir='ltr'>ipsorum</span> <span class='ocrx_word' id='word_1_302' title='bbox 968 1500 1066 1531; x_wconf 80' lang='lat' dir='ltr'>duces</span> <span class='ocrx_word' id='word_1_303' title='bbox 1090 1501 1204 1531; x_wconf 82' lang='lat' dir='ltr'>nostris</span> <span class='ocrx_word' id='word_1_304' title='bbox 1229 1504 1260 1531; x_wconf 84' lang='lat' dir='ltr'>et</span> <span class='ocrx_word' id='word_1_305' title='bbox 1283 1501 1409 1541; x_wconf 85' lang='lat' dir='ltr'>imperii</span> <span class='ocrx_word' id='word_1_306' title='bbox 1426 1501 1586 1542; x_wconf 86' lang='lat' dir='ltr'>obsequiis</span> <span class='ocrx_word' id='word_1_307' title='bbox 1603 1505 1814 1539; x_wconf 76' lang='lat' dir='ltr'>reservantes,</span> <span class='ocrx_word' id='word_1_308' title='bbox 1837 1504 1872 1531; x_wconf 90' lang='lat' dir='ltr'>nt</span> <span class='ocrx_word' id='word_1_309' title='bbox 1894 1502 2008 1532; x_wconf 85' lang='lat' dir='ltr'>nostris</span> 
     </span>
     <span class='ocr_line' id='line_1_28' title="bbox 362 1549 2009 1592; baseline 0.003 -14"><span class='ocrx_word' id='word_1_310' title='bbox 362 1552 393 1579; x_wconf 82' lang='lat' dir='ltr'>ct</span> <span class='ocrx_word' id='word_1_311' title='bbox 417 1549 592 1589; x_wconf 87' lang='lat' dir='ltr'>reipublice</span> <span class='ocrx_word' id='word_1_312' title='bbox 618 1551 794 1581; x_wconf 80' lang='lat' dir='ltr'>commodis</span> <span class='ocrx_word' id='word_1_313' title='bbox 818 1551 1026 1592; x_wconf 86' lang='lat' dir='ltr'>procurandis</span> <span class='ocrx_word' id='word_1_314' title='bbox 1051 1555 1082 1582; x_wconf 84' lang='lat' dir='ltr'>et</span> <span class='ocrx_word' id='word_1_315' title='bbox 1107 1552 1282 1592; x_wconf 77' lang='lat' dir='ltr'>dispendiis</span> <span class='ocrx_word' id='word_1_316' title='bbox 1306 1552 1508 1583; x_wconf 84' lang='lat' dir='ltr'>removendis</span> <span class='ocrx_word' id='word_1_317' title='bbox 1532 1553 1681 1583; x_wconf 81' lang='lat' dir='ltr'>assistere</span> <span class='ocrx_word' id='word_1_318' title='bbox 1709 1552 1849 1583; x_wconf 84' lang='lat' dir='ltr'>debeant</span> <span class='ocrx_word' id='word_1_319' title='bbox 1871 1552 2009 1583; x_wconf 87' lang='lat' dir='ltr'>fideliter</span> 
     </span>
     <span class='ocr_line' id='line_1_29' title="bbox 357 1600 2007 1644; baseline 0.004 -16"><span class='ocrx_word' id='word_1_320' title='bbox 357 1600 441 1630; x_wconf 84' lang='lat' dir='ltr'>omni</span> <span class='ocrx_word' id='word_1_321' title='bbox 467 1602 615 1640; x_wconf 72' lang='lat' dir='ltr'>potencia</span> <span class='ocrx_word' id='word_1_322' title='bbox 640 1613 703 1642; x_wconf 79' lang='lat' dir='ltr'>qua</span> <span class='ocrx_word' id='word_1_323' title='bbox 727 1606 877 1642; x_wconf 86' lang='lat' dir='ltr'>poterunt</span> <span class='ocrx_word' id='word_1_324' title='bbox 901 1607 932 1633; x_wconf 85' lang='lat' dir='ltr'>et</span> <span class='ocrx_word' id='word_1_325' title='bbox 957 1603 1082 1633; x_wconf 77' lang='lat' dir='ltr'>virtute.</span> <span class='ocrx_word' id='word_1_326' title='bbox 1129 1603 1215 1633; x_wconf 81' lang='lat' dir='ltr'>Nulli</span> <span class='ocrx_word' id='word_1_327' title='bbox 1242 1613 1317 1644; x_wconf 84' lang='lat' dir='ltr'>ergo</span> <span class='ocrx_word' id='word_1_328' title='bbox 1343 1604 1469 1644; x_wconf 87' lang='lat' dir='ltr'>penitus</span> <span class='ocrx_word' id='word_1_329' title='bbox 1492 1603 1656 1634; x_wconf 88' lang='lat' dir='ltr'>hominum</span> <span class='ocrx_word' id='word_1_330' title='bbox 1681 1604 1776 1634; x_wconf 86' lang='lat' dir='ltr'>liceat</span> <span class='ocrx_word' id='word_1_331' title='bbox 1799 1603 1880 1634; x_wconf 80' lang='lat' dir='ltr'>hanc</span> <span class='ocrx_word' id='word_1_332' title='bbox 1901 1607 2007 1634; x_wconf 85' lang='lat' dir='ltr'>nostre</span> 
     </span>
     <span class='ocr_line' id='line_1_30' title="bbox 331 1652 2008 1696; baseline 0.002 -15"><span class='ocrx_word' id='word_1_333' title='bbox 331 1671 338 1676; x_wconf 91' lang='lat'>-</span> <span class='ocrx_word' id='word_1_334' title='bbox 360 1652 552 1682; x_wconf 50' lang='lat' dir='ltr'>colluvionis.</span> <span class='ocrx_word' id='word_1_335' title='bbox 576 1653 731 1692; x_wconf 70' lang='lat' dir='ltr'>tuicionis,</span> <span class='ocrx_word' id='word_1_336' title='bbox 754 1654 1069 1694; x_wconf 81' lang='lat' dir='ltr'>reincorporacionis,</span> <span class='ocrx_word' id='word_1_337' title='bbox 1088 1654 1285 1685; x_wconf 79' lang='lat' dir='ltr'>adunicionis</span> <span class='ocrx_word' id='word_1_338' title='bbox 1309 1666 1366 1685; x_wconf 85' lang='lat' dir='ltr'>seu</span> <span class='ocrx_word' id='word_1_339' title='bbox 1382 1655 1536 1685; x_wconf 88' lang='lat' dir='ltr'>unicionis</span> <span class='ocrx_word' id='word_1_340' title='bbox 1553 1656 1701 1695; x_wconf 80' lang='lat' dir='ltr'>paginam</span> <span class='ocrx_word' id='word_1_341' title='bbox 1720 1655 1891 1696; x_wconf 81' lang='lat' dir='ltr'>infringere</span> <span class='ocrx_word' id='word_1_342' title='bbox 1908 1659 1962 1686; x_wconf 90' lang='lat' dir='ltr'>aut</span> <span class='ocrx_word' id='word_1_343' title='bbox 1979 1655 2008 1685; x_wconf 88' lang='lat' dir='ltr'>ei</span> 
     </span>
     <span class='ocr_line' id='line_1_31' title="bbox 358 1705 2007 1747; baseline 0.003 -16"><span class='ocrx_word' id='word_1_344' title='bbox 358 1712 437 1732; x_wconf 73' lang='lat' dir='ltr'>ausu</span> <span class='ocrx_word' id='word_1_345' title='bbox 455 1705 626 1734; x_wconf 78' lang='lat' dir='ltr'>temerario</span> <span class='ocrx_word' id='word_1_346' title='bbox 651 1706 818 1735; x_wconf 84' lang='lat' dir='ltr'>contraire.</span> <span class='ocrx_word' id='word_1_347' title='bbox 866 1705 898 1735; x_wconf 78' lang='lat' dir='ltr'>Si</span> <span class='ocrx_word' id='word_1_348' title='bbox 923 1706 991 1745; x_wconf 79' lang='lat' dir='ltr'>quis</span> <span class='ocrx_word' id='word_1_349' title='bbox 1016 1710 1122 1736; x_wconf 80' lang='lat' dir='ltr'>nutem</span> <span class='ocrx_word' id='word_1_350' title='bbox 1141 1707 1332 1737; x_wconf 77' lang='lat' dir='ltr'>cmitrarium</span> <span class='ocrx_word' id='word_1_351' title='bbox 1350 1707 1580 1747; x_wconf 86' lang='lat' dir='ltr'>presumpserit</span> <span class='ocrx_word' id='word_1_352' title='bbox 1595 1709 1799 1747; x_wconf 85' lang='lat' dir='ltr'>attemptare,</span> <span class='ocrx_word' id='word_1_353' title='bbox 1817 1710 1889 1747; x_wconf 91' lang='lat' dir='ltr'>post</span> <span class='ocrx_word' id='word_1_354' title='bbox 1905 1706 2007 1747; x_wconf 81' lang='lat' dir='ltr'>indig-</span> 
     </span>
     <span class='ocr_line' id='line_1_32' title="bbox 358 1755 2007 1798; baseline 0.003 -15"><span class='ocrx_word' id='word_1_355' title='bbox 358 1755 525 1784; x_wconf 79' lang='lat' dir='ltr'>nacionem</span> <span class='ocrx_word' id='word_1_356' title='bbox 543 1759 682 1785; x_wconf 85' lang='lat' dir='ltr'>nostram</span> <span class='ocrx_word' id='word_1_357' title='bbox 702 1767 816 1796; x_wconf 83' lang='lat' dir='ltr'>penam</span> <span class='ocrx_word' id='word_1_358' title='bbox 834 1757 920 1787; x_wconf 84' lang='lat' dir='ltr'>mille</span> <span class='ocrx_word' id='word_1_359' title='bbox 940 1757 1090 1787; x_wconf 85' lang='lat' dir='ltr'>librarum</span> <span class='ocrx_word' id='word_1_360' title='bbox 1109 1759 1177 1798; x_wconf 88' lang='lat' dir='ltr'>puri</span> <span class='ocrx_word' id='word_1_361' title='bbox 1195 1758 1263 1788; x_wconf 72' lang='lat' dir='ltr'>nuri</span> <span class='ocrx_word' id='word_1_362' title='bbox 1280 1768 1313 1787; x_wconf 85' lang='lat' dir='ltr'>se</span> <span class='ocrx_word' id='word_1_363' title='bbox 1339 1758 1505 1787; x_wconf 88' lang='lat' dir='ltr'>incurrisse</span> <span class='ocrx_word' id='word_1_364' title='bbox 1531 1761 1711 1798; x_wconf 79' lang='lat' dir='ltr'>cognoscat,</span> <span class='ocrx_word' id='word_1_365' title='bbox 1729 1768 1861 1798; x_wconf 82' lang='lat' dir='ltr'>quarum</span> <span class='ocrx_word' id='word_1_366' title='bbox 1885 1757 2007 1788; x_wconf 88' lang='lat' dir='ltr'>medie-</span> 
     </span>
     <span class='ocr_line' id='line_1_33' title="bbox 360 1806 2008 1849; baseline 0.002 -15"><span class='ocrx_word' id='word_1_367' title='bbox 360 1808 458 1835; x_wconf 78' lang='lat' dir='ltr'>tatem</span> <span class='ocrx_word' id='word_1_368' title='bbox 483 1806 558 1835; x_wconf 76' lang='lat' dir='ltr'>fisco</span> <span class='ocrx_word' id='word_1_369' title='bbox 584 1810 690 1836; x_wconf 87' lang='lat' dir='ltr'>nostro</span> <span class='ocrx_word' id='word_1_370' title='bbox 716 1808 884 1847; x_wconf 76' lang='lat' dir='ltr'>imperiali,</span> <span class='ocrx_word' id='word_1_371' title='bbox 910 1808 1067 1838; x_wconf 75' lang='lat' dir='ltr'>residuam</span> <span class='ocrx_word' id='word_1_372' title='bbox 1094 1818 1168 1838; x_wconf 77' lang='lat' dir='ltr'>vero</span> <span class='ocrx_word' id='word_1_373' title='bbox 1193 1813 1317 1849; x_wconf 82' lang='lat' dir='ltr'>partem</span> <span class='ocrx_word' id='word_1_374' title='bbox 1336 1808 1480 1838; x_wconf 89' lang='lat' dir='ltr'>iniuriam</span> <span class='ocrx_word' id='word_1_375' title='bbox 1499 1819 1663 1849; x_wconf 82' lang='lat' dir='ltr'>passorum</span> <span class='ocrx_word' id='word_1_376' title='bbox 1682 1809 1789 1839; x_wconf 90' lang='lat' dir='ltr'>usibus</span> <span class='ocrx_word' id='word_1_377' title='bbox 1807 1808 2008 1839; x_wconf 84' lang='lat' dir='ltr'>decernimus</span> 
     </span>
     <span class='ocr_line' id='line_1_34' title="bbox 360 1857 2007 1900; baseline 0.002 -14"><span class='ocrx_word' id='word_1_378' title='bbox 360 1857 525 1896; x_wconf 85' lang='lat' dir='ltr'>applicari.</span> <span class='ocrx_word' id='word_1_379' title='bbox 574 1857 608 1887; x_wconf 85' lang='lat' dir='ltr'>In</span> <span class='ocrx_word' id='word_1_380' title='bbox 635 1859 721 1887; x_wconf 87' lang='lat' dir='ltr'>cuius</span> <span class='ocrx_word' id='word_1_381' title='bbox 747 1859 790 1888; x_wconf 91' lang='lat' dir='ltr'>rei</span> <span class='ocrx_word' id='word_1_382' title='bbox 816 1859 1029 1889; x_wconf 75' lang='lat' dir='ltr'>testinwnium</span> <span class='ocrx_word' id='word_1_383' title='bbox 1060 1865 1225 1899; x_wconf 79' lang='lat' dir='ltr'>presentes</span> <span class='ocrx_word' id='word_1_384' title='bbox 1254 1860 1376 1890; x_wconf 86' lang='lat' dir='ltr'>litteras</span> <span class='ocrx_word' id='word_1_385' title='bbox 1401 1860 1494 1890; x_wconf 87' lang='lat' dir='ltr'>scribi</span> <span class='ocrx_word' id='word_1_386' title='bbox 1519 1863 1551 1890; x_wconf 91' lang='lat' dir='ltr'>et</span> <span class='ocrx_word' id='word_1_387' title='bbox 1574 1863 1679 1889; x_wconf 89' lang='lat' dir='ltr'>nostre</span> <span class='ocrx_word' id='word_1_388' title='bbox 1704 1860 1880 1890; x_wconf 78' lang='lat' dir='ltr'>maiestatis</span> <span class='ocrx_word' id='word_1_389' title='bbox 1904 1859 2007 1900; x_wconf 82' lang='lat' dir='ltr'>sigillo</span> 
     </span>
     <span class='ocr_line' id='line_1_35' title="bbox 357 1907 722 1938; baseline 0.005 -2"><span class='ocrx_word' id='word_1_390' title='bbox 357 1907 502 1937; x_wconf 73' lang='lat' dir='ltr'>iussimus</span> <span class='ocrx_word' id='word_1_391' title='bbox 527 1910 722 1938; x_wconf 85' lang='lat' dir='ltr'>communiri.</span> 
     </span>
     <span class='ocr_line' id='line_1_36' title="bbox 463 1958 2004 2003; baseline 0.003 -15"><span class='ocrx_word' id='word_1_392' title='bbox 463 1958 582 1988; x_wconf 77' lang='lat' dir='ltr'>Datum</span> <span class='ocrx_word' id='word_1_393' title='bbox 607 1959 747 1999; x_wconf 67' lang='lat' dir='ltr'>Znoynie</span> <span class='ocrx_word' id='word_1_394' title='bbox 774 1971 856 1990; x_wconf 89' lang='lat' dir='ltr'>anno</span> <span class='ocrx_word' id='word_1_395' title='bbox 881 1961 1009 1991; x_wconf 84' lang='lat' dir='ltr'>Domini</span> <span class='ocrx_word' id='word_1_396' title='bbox 1035 1962 1204 1992; x_wconf 81' lang='lat' dir='ltr'>millesimo</span> <span class='ocrx_word' id='word_1_397' title='bbox 1230 1962 1454 1992; x_wconf 76' lang='lat' dir='ltr'>trecentesimo</span> <span class='ocrx_word' id='word_1_398' title='bbox 1481 1961 1726 2003; x_wconf 80' lang='lat' dir='ltr'>quadragesimo</span> <span class='ocrx_word' id='word_1_399' title='bbox 1753 1965 1880 2001; x_wconf 84' lang='lat' dir='ltr'>octavo,</span> <span class='ocrx_word' id='word_1_400' title='bbox 1905 1962 2004 1992; x_wconf 69' lang='lat' dir='ltr'>inflic-</span> 
     </span>
     <span class='ocr_line' id='line_1_37' title="bbox 357 2010 1555 2053; baseline 0.004 -15"><span class='ocrx_word' id='word_1_401' title='bbox 357 2010 447 2039; x_wconf 84' lang='lat' dir='ltr'>cione</span> <span class='ocrx_word' id='word_1_402' title='bbox 472 2010 583 2049; x_wconf 70' lang='lat' dir='ltr'>prima,</span> <span class='ocrx_word' id='word_1_403' title='bbox 609 2010 665 2040; x_wconf 56' lang='lat'>11⁴2.</span> <span class='ocrx_word' id='word_1_404' title='bbox 684 2010 759 2041; x_wconf 84' lang='lat' dir='ltr'>Idus</span> <span class='ocrx_word' id='word_1_405' title='bbox 784 2011 874 2042; x_wconf 83' lang='lat' dir='ltr'>lunii.</span> <span class='ocrx_word' id='word_1_406' title='bbox 901 2023 1070 2053; x_wconf 74' lang='lat' dir='ltr'>regnorum</span> <span class='ocrx_word' id='word_1_407' title='bbox 1096 2017 1274 2044; x_wconf 74' lang='lat' dir='ltr'>nostrorum</span> <span class='ocrx_word' id='word_1_408' title='bbox 1300 2024 1381 2044; x_wconf 82' lang='lat' dir='ltr'>anno</span> <span class='ocrx_word' id='word_1_409' title='bbox 1407 2013 1555 2043; x_wconf 86' lang='lat' dir='ltr'>secundo.</span> 
     </span>
    </p>
   </div>
   <div class='ocr_carea' id='block_1_3' title="bbox 992 2132 1372 2162">
    <p class='ocr_par' dir='ltr' id='par_1_3' title="bbox 992 2132 1372 2162">
     <span class='ocr_line' id='line_1_38' title="bbox 992 2132 1372 2162; baseline -0.003 0"><span class='ocrx_word' id='word_1_410' title='bbox 992 2132 1027 2162; x_wconf 89' lang='lat' dir='ltr'>B.</span> <span class='ocrx_word' id='word_1_411' title='bbox 1064 2132 1181 2162; x_wconf 61' lang='lat' dir='ltr'>Forma</span> <span class='ocrx_word' id='word_1_412' title='bbox 1207 2133 1372 2162; x_wconf 57' lang='lat' dir='ltr'>teutonica.</span> 
     </span>
    </p>
   </div>
   <div class='ocr_carea' id='block_1_4' title="bbox 356 2187 2006 2285">
    <p class='ocr_par' dir='ltr' id='par_1_4' title="bbox 356 2187 2006 2285">
     <span class='ocr_line' id='line_1_39' title="bbox 468 2187 2006 2239; baseline 0.003 -13"><span class='ocrx_word' id='word_1_413' title='bbox 468 2195 626 2235; x_wconf 64' lang='lat' dir='ltr'>Oriyz&#39;uale</span> <span class='ocrx_word' id='word_1_414' title='bbox 645 2199 713 2236; x_wconf 60' lang='lat' dir='ltr'>r&#39;or.)</span> <span class='ocrx_word' id='word_1_415' title='bbox 730 2198 849 2229; x_wconf 74' lang='lat' dir='ltr'>ibidem.</span> <span class='ocrx_word' id='word_1_416' title='bbox 885 2200 923 2229; x_wconf 72' lang='lat' dir='ltr'>In</span> <span class='ocrx_word' id='word_1_417' title='bbox 939 2200 1040 2238; x_wconf 68' lang='lat' dir='ltr'>plica:</span> <span class='ocrx_word' id='word_1_418' title='bbox 1058 2201 1097 2236; x_wconf 80' lang='lat' dir='ltr'>R.</span> <span class='ocrx_word' id='word_1_419' title='bbox 1116 2187 1120 2189; x_wconf 25' lang='grc' dir='ltr'><em>Π</em></span> <span class='ocrx_word' id='word_1_420' title='bbox 1135 2200 1282 2239; x_wconf 72' lang='lat' dir='ltr'>Siyillnm</span> <span class='ocrx_word' id='word_1_421' title='bbox 1299 2211 1365 2230; x_wconf 71' lang='lat' dir='ltr'>cnm</span> <span class='ocrx_word' id='word_1_422' title='bbox 1383 2201 1448 2238; x_wconf 76' lang='lat' dir='ltr'>silis</span> <span class='ocrx_word' id='word_1_423' title='bbox 1460 2200 1662 2238; x_wconf 68' lang='lat' dir='ltr'>deperditum.</span> <span class='ocrx_word' id='word_1_424' title='bbox 1677 2219 1717 2222; x_wconf 21' lang='lat'><em>2</em></span> <span class='ocrx_word' id='word_1_425' title='bbox 1732 2200 1792 2232; x_wconf 71' lang='lat' dir='ltr'>Ed.</span> <span class='ocrx_word' id='word_1_426' title='bbox 1807 2200 2006 2231; x_wconf 66' lang='lat' dir='ltr'>Helnemmm</span> 
     </span>
     <span class='ocr_line' id='line_1_40' title="bbox 356 2246 739 2285; baseline 0.01 -10"><span class='ocrx_word' id='word_1_427' title='bbox 356 2246 375 2276; x_wconf 88' lang='lat' dir='ltr'>l.</span> <span class='ocrx_word' id='word_1_428' title='bbox 394 2257 416 2277; x_wconf 76' lang='lat' dir='ltr'>c.</span> <span class='ocrx_word' id='word_1_429' title='bbox 437 2258 470 2285; x_wconf 68' lang='grc'>21,</span> <span class='ocrx_word' id='word_1_430' title='bbox 490 2249 551 2277; x_wconf 70' lang='grc'>166</span> <span class='ocrx_word' id='word_1_431' title='bbox 574 2259 623 2278; x_wconf 68' lang='lat' dir='ltr'>nr.</span> <span class='ocrx_word' id='word_1_432' title='bbox 642 2249 680 2279; x_wconf 87' lang='lat' dir='ltr'>Il</span> <span class='ocrx_word' id='word_1_433' title='bbox 698 2249 739 2279; x_wconf 85' lang='lat' dir='ltr'>B.</span> 
     </span>
    </p>
   </div>
   <div class='ocr_carea' id='block_1_5' title="bbox 359 2333 2006 2685">
    <p class='ocr_par' dir='ltr' id='par_1_5' title="bbox 359 2333 2006 2685">
     <span class='ocr_line' id='line_1_41' title="bbox 467 2333 2006 2377; baseline 0.005 -15"><span class='ocrx_word' id='word_1_434' title='bbox 467 2333 536 2363; x_wconf 78' lang='lat' dir='ltr'>wir</span> <span class='ocrx_word' id='word_1_435' title='bbox 561 2333 638 2364; x_wconf 74' lang='lat' dir='ltr'>Karl</span> <span class='ocrx_word' id='word_1_436' title='bbox 664 2345 723 2365; x_wconf 83' lang='grc'><strong>1011</strong></span> <span class='ocrx_word' id='word_1_437' title='bbox 749 2334 828 2366; x_wconf 85' lang='lat' dir='ltr'>Gots</span> <span class='ocrx_word' id='word_1_438' title='bbox 851 2336 978 2376; x_wconf 81' lang='lat' dir='ltr'>gnadcn</span> <span class='ocrx_word' id='word_1_439' title='bbox 1002 2336 1183 2376; x_wconf 76' lang='lat' dir='ltr'>Romisehir</span> <span class='ocrx_word' id='word_1_440' title='bbox 1207 2337 1295 2377; x_wconf 83' lang='lat' dir='ltr'>kung</span> <span class='ocrx_word' id='word_1_441' title='bbox 1318 2348 1355 2366; x_wconf 78' lang='lat' dir='ltr'>zu</span> <span class='ocrx_word' id='word_1_442' title='bbox 1381 2337 1463 2367; x_wconf 83' lang='lat' dir='ltr'>allen</span> <span class='ocrx_word' id='word_1_443' title='bbox 1488 2336 1599 2377; x_wconf 57' lang='lat' dir='ltr'>ezyten</span> <span class='ocrx_word' id='word_1_444' title='bbox 1623 2347 1728 2367; x_wconf 77' lang='lat' dir='ltr'>merei·</span> <span class='ocrx_word' id='word_1_445' title='bbox 1749 2336 1805 2367; x_wconf 88' lang='lat' dir='ltr'>des</span> <span class='ocrx_word' id='word_1_446' title='bbox 1822 2337 1925 2368; x_wconf 77' lang='lat' dir='ltr'>reichs</span> <span class='ocrx_word' id='word_1_447' title='bbox 1942 2339 2006 2369; x_wconf 90' lang='lat' dir='ltr'>und</span> 
     </span>
     <span class='ocr_line' id='line_1_42' title="bbox 360 2383 2006 2428; baseline 0.004 -16"><span class='ocrx_word' id='word_1_448' title='bbox 360 2383 446 2424; x_wconf 61' lang='lat' dir='ltr'>kung</span> <span class='ocrx_word' id='word_1_449' title='bbox 477 2395 512 2414; x_wconf 87' lang='lat' dir='ltr'>zu</span> <span class='ocrx_word' id='word_1_450' title='bbox 545 2385 668 2416; x_wconf 84' lang='lat' dir='ltr'>Behcm</span> <span class='ocrx_word' id='word_1_451' title='bbox 698 2387 870 2426; x_wconf 72' lang='lat' dir='ltr'>vorjchen²¹</span> <span class='ocrx_word' id='word_1_452' title='bbox 902 2388 964 2418; x_wconf 92' lang='lat' dir='ltr'>und</span> <span class='ocrx_word' id='word_1_453' title='bbox 994 2392 1047 2418; x_wconf 90' lang='lat' dir='ltr'>tun</span> <span class='ocrx_word' id='word_1_454' title='bbox 1079 2388 1157 2418; x_wconf 89' lang='lat' dir='ltr'>kunt</span> <span class='ocrx_word' id='word_1_455' title='bbox 1185 2388 1348 2418; x_wconf 84' lang='lat' dir='ltr'>offentlich</span> <span class='ocrx_word' id='word_1_456' title='bbox 1378 2389 1434 2418; x_wconf 87' lang='lat' dir='ltr'>mit</span> <span class='ocrx_word' id='word_1_457' title='bbox 1469 2388 1569 2418; x_wconf 83' lang='lat' dir='ltr'>desim</span> <span class='ocrx_word' id='word_1_458' title='bbox 1598 2387 1686 2418; x_wconf 79' lang='lat' dir='ltr'>br‘ive</span> <span class='ocrx_word' id='word_1_459' title='bbox 1715 2388 1778 2419; x_wconf 84' lang='lat' dir='ltr'>alle</span> <span class='ocrx_word' id='word_1_460' title='bbox 1809 2388 1887 2428; x_wconf 88' lang='lat' dir='ltr'>den,</span> <span class='ocrx_word' id='word_1_461' title='bbox 1913 2389 1944 2418; x_wconf 84' lang='lat' dir='ltr'>di</span> <span class='ocrx_word' id='word_1_462' title='bbox 1968 2400 2006 2419; x_wconf 87' lang='lat' dir='ltr'>en</span> 
     </span>
     <span class='ocr_line' id='line_1_43' title="bbox 359 2435 2005 2479; baseline 0.005 -16"><span class='ocrx_word' id='word_1_463' title='bbox 359 2435 484 2471; x_wconf 77' lang='lat' dir='ltr'>schcnt,</span> <span class='ocrx_word' id='word_1_464' title='bbox 514 2435 628 2466; x_wconf 60' lang='lat' dir='ltr'>herent</span> <span class='ocrx_word' id='word_1_465' title='bbox 657 2437 725 2468; x_wconf 75' lang='lat' dir='ltr'>adii·</span> <span class='ocrx_word' id='word_1_466' title='bbox 756 2439 871 2469; x_wconf 78' lang='lat' dir='ltr'>lcsent:</span> <span class='ocrx_word' id='word_1_467' title='bbox 898 2439 1003 2469; x_wconf 66' lang='lat' dir='ltr'>Vl&#39;ann</span> <span class='ocrx_word' id='word_1_468' title='bbox 1033 2439 1090 2469; x_wconf 90' lang='lat' dir='ltr'>der</span> <span class='ocrx_word' id='word_1_469' title='bbox 1120 2439 1325 2479; x_wconf 80' lang='lat' dir='ltr'>hochgeborn</span> <span class='ocrx_word' id='word_1_470' title='bbox 1351 2440 1489 2479; x_wconf 69' lang='lat' dir='ltr'>Barnym</span> <span class='ocrx_word' id='word_1_471' title='bbox 1515 2439 1652 2469; x_wconf 88' lang='lat' dir='ltr'>herczok</span> <span class='ocrx_word' id='word_1_472' title='bbox 1675 2450 1712 2469; x_wconf 80' lang='lat' dir='ltr'>zu</span> <span class='ocrx_word' id='word_1_473' title='bbox 1737 2438 1862 2479; x_wconf 74' lang='lat' dir='ltr'>Stetyn,</span> <span class='ocrx_word' id='word_1_474' title='bbox 1887 2440 2005 2471; x_wconf 88' lang='lat' dir='ltr'>Pome-</span> 
     </span>
     <span class='ocr_line' id='line_1_44' title="bbox 359 2486 2006 2531; baseline 0.004 -17"><span class='ocrx_word' id='word_1_475' title='bbox 359 2495 465 2517; x_wconf 76' lang='lat' dir='ltr'>raner,</span> <span class='ocrx_word' id='word_1_476' title='bbox 492 2486 639 2518; x_wconf 53' lang='lat' dir='ltr'>XVenden</span> <span class='ocrx_word' id='word_1_477' title='bbox 666 2489 727 2519; x_wconf 90' lang='lat' dir='ltr'>und</span> <span class='ocrx_word' id='word_1_478' title='bbox 752 2490 929 2522; x_wconf 77' lang='lat' dir='ltr'>Cassubcn.</span> <span class='ocrx_word' id='word_1_479' title='bbox 960 2492 1046 2521; x_wconf 91' lang='lat' dir='ltr'>unsir</span> <span class='ocrx_word' id='word_1_480' title='bbox 1070 2491 1170 2521; x_wconf 75' lang='lat' dir='ltr'>t&#39;iirste</span> <span class='ocrx_word' id='word_1_481' title='bbox 1200 2491 1262 2520; x_wconf 89' lang='lat' dir='ltr'>und</span> <span class='ocrx_word' id='word_1_482' title='bbox 1294 2490 1387 2520; x_wconf 89' lang='lat' dir='ltr'>liebir</span> <span class='ocrx_word' id='word_1_483' title='bbox 1410 2501 1505 2529; x_wconf 87' lang='lat' dir='ltr'>neve,</span> <span class='ocrx_word' id='word_1_484' title='bbox 1530 2501 1587 2520; x_wconf 89' lang='lat' dir='ltr'>uns</span> <span class='ocrx_word' id='word_1_485' title='bbox 1611 2491 1771 2531; x_wconf 78' lang='lat' dir='ltr'>gehuldit,</span> <span class='ocrx_word' id='word_1_486' title='bbox 1799 2491 1921 2531; x_wconf 86' lang='lat' dir='ltr'>gelobit</span> <span class='ocrx_word' id='word_1_487' title='bbox 1944 2491 2006 2521; x_wconf 89' lang='lat' dir='ltr'>und</span> 
     </span>
     <span class='ocr_line' id='line_1_45' title="bbox 359 2538 2005 2582; baseline 0.005 -18"><span class='ocrx_word' id='word_1_488' title='bbox 359 2546 502 2575; x_wconf 75' lang='lat' dir='ltr'>gesworn</span> <span class='ocrx_word' id='word_1_489' title='bbox 530 2538 599 2570; x_wconf 73' lang='lat' dir='ltr'>hat,</span> <span class='ocrx_word' id='word_1_490' title='bbox 625 2544 780 2580; x_wconf 70' lang='lat' dir='ltr'>getrewe,</span> <span class='ocrx_word' id='word_1_491' title='bbox 809 2542 980 2582; x_wconf 72' lang='lat' dir='ltr'>gehorsnni</span> <span class='ocrx_word' id='word_1_492' title='bbox 1011 2542 1073 2572; x_wconf 88' lang='lat' dir='ltr'>und</span> <span class='ocrx_word' id='word_1_493' title='bbox 1099 2541 1292 2581; x_wconf 69' lang='lat' dir='ltr'>undirtenyk</span> <span class='ocrx_word' id='word_1_494' title='bbox 1319 2552 1356 2571; x_wconf 84' lang='lat' dir='ltr'>zu</span> <span class='ocrx_word' id='word_1_495' title='bbox 1381 2551 1457 2581; x_wconf 69' lang='lat' dir='ltr'>seyn</span> <span class='ocrx_word' id='word_1_496' title='bbox 1482 2542 1529 2571; x_wconf 78' lang='lat' dir='ltr'>als</span> <span class='ocrx_word' id='word_1_497' title='bbox 1554 2552 1645 2581; x_wconf 65' lang='lat' dir='ltr'>cyme</span> <span class='ocrx_word' id='word_1_498' title='bbox 1669 2541 1863 2572; x_wconf 89' lang='lat' dir='ltr'>Romischen</span> <span class='ocrx_word' id='word_1_499' title='bbox 1887 2542 2005 2582; x_wconf 76' lang='lat' dir='ltr'>kfinige</span> 
     </span>
     <span class='ocr_line' id='line_1_46' title="bbox 359 2584 2005 2633; baseline 0.005 -17"><span class='ocrx_word' id='word_1_500' title='bbox 359 2587 421 2616; x_wconf 90' lang='lat' dir='ltr'>und</span> <span class='ocrx_word' id='word_1_501' title='bbox 447 2584 534 2627; x_wconf 47' lang='lat' dir='ltr'>sime</span> <span class='ocrx_word' id='word_1_502' title='bbox 566 2590 695 2619; x_wconf 62' lang='lat' dir='ltr'>rechten</span> <span class='ocrx_word' id='word_1_503' title='bbox 721 2592 832 2622; x_wconf 83' lang='lat' dir='ltr'>herren</span> <span class='ocrx_word' id='word_1_504' title='bbox 858 2593 921 2623; x_wconf 90' lang='lat' dir='ltr'>und</span> <span class='ocrx_word' id='word_1_505' title='bbox 946 2593 1000 2623; x_wconf 77' lang='lat' dir='ltr'>hat</span> <span class='ocrx_word' id='word_1_506' title='bbox 1026 2604 1084 2623; x_wconf 80' lang='lat' dir='ltr'>von</span> <span class='ocrx_word' id='word_1_507' title='bbox 1109 2604 1167 2623; x_wconf 77' lang='lat' dir='ltr'>uns</span> <span class='ocrx_word' id='word_1_508' title='bbox 1195 2593 1330 2633; x_wconf 75' lang='lat' dir='ltr'>gemutit</span> <span class='ocrx_word' id='word_1_509' title='bbox 1359 2593 1434 2622; x_wconf 86' lang='lat' dir='ltr'>sinir</span> <span class='ocrx_word' id='word_1_510' title='bbox 1458 2593 1568 2630; x_wconf 81' lang='grc'><strong>1011011,</strong></span> <span class='ocrx_word' id='word_1_511' title='bbox 1593 2593 1623 2622; x_wconf 88' lang='lat' dir='ltr'>di</span> <span class='ocrx_word' id='word_1_512' title='bbox 1649 2603 1683 2623; x_wconf 88' lang='lat' dir='ltr'>er</span> <span class='ocrx_word' id='word_1_513' title='bbox 1706 2603 1767 2623; x_wconf 85' lang='lat' dir='ltr'>von</span> <span class='ocrx_word' id='word_1_514' title='bbox 1792 2593 1863 2623; x_wconf 88' lang='lat' dir='ltr'>dem</span> <span class='ocrx_word' id='word_1_515' title='bbox 1889 2593 2005 2633; x_wconf 70' lang='lat' dir='ltr'>reyche</span> 
     </span>
     <span class='ocr_line' id='line_1_47' title="bbox 359 2639 2005 2685; baseline 0.004 -18"><span class='ocrx_word' id='word_1_516' title='bbox 359 2648 396 2667; x_wconf 71' lang='lat' dir='ltr'>zu</span> <span class='ocrx_word' id='word_1_517' title='bbox 430 2639 518 2668; x_wconf 71' lang='lat' dir='ltr'>rc—cht</span> <span class='ocrx_word' id='word_1_518' title='bbox 548 2640 697 2680; x_wconf 71' lang='lat' dir='ltr'>inpt&#39;nln·n</span> <span class='ocrx_word' id='word_1_519' title='bbox 728 2643 786 2674; x_wconf 76' lang='lat' dir='ltr'>sul.</span> <span class='ocrx_word' id='word_1_520' title='bbox 818 2644 873 2674; x_wconf 79' lang='lat' dir='ltr'>des</span> <span class='ocrx_word' id='word_1_521' title='bbox 902 2644 985 2675; x_wconf 79' lang='lat' dir='ltr'>habe</span> <span class='ocrx_word' id='word_1_522' title='bbox 1011 2646 1066 2675; x_wconf 83' lang='lat' dir='ltr'>wir</span> <span class='ocrx_word' id='word_1_523' title='bbox 1091 2644 1273 2685; x_wconf 79' lang='lat' dir='ltr'>angesehen</span> <span class='ocrx_word' id='word_1_524' title='bbox 1303 2648 1475 2684; x_wconf 80' lang='lat' dir='ltr'>gctrewcn,</span> <span class='ocrx_word' id='word_1_525' title='bbox 1502 2644 1649 2684; x_wconf 77' lang='lat' dir='ltr'>willegen</span> <span class='ocrx_word' id='word_1_526' title='bbox 1678 2644 1740 2674; x_wconf 89' lang='lat' dir='ltr'>und</span> <span class='ocrx_word' id='word_1_527' title='bbox 1764 2647 1867 2675; x_wconf 86' lang='lat' dir='ltr'>steten</span> <span class='ocrx_word' id='word_1_528' title='bbox 1892 2644 2005 2683; x_wconf 83' lang='lat' dir='ltr'>dienst,</span> 
     </span>
    </p>
   </div>
   <div class='ocr_carea' id='block_1_6' title="bbox 461 2733 829 2763">
    <p class='ocr_par' dir='ltr' id='par_1_6' title="bbox 461 2733 829 2763">
     <span class='ocr_line' id='line_1_48' title="bbox 461 2733 829 2763; baseline 0.011 -7"><span class='ocrx_word' id='word_1_529' title='bbox 461 2733 526 2758; x_wconf 58' lang='lat'><strong>607·</strong></span> <span class='ocrx_word' id='word_1_530' title='bbox 554 2738 576 2763; x_wconf 70' lang='lat'>3)</span> <span class='ocrx_word' id='word_1_531' title='bbox 597 2737 620 2759; x_wconf 62' lang='lat' dir='ltr'>[is</span> <span class='ocrx_word' id='word_1_532' title='bbox 642 2737 694 2758; x_wconf 52' lang='lat' dir='ltr'>luco</span> <span class='ocrx_word' id='word_1_533' title='bbox 715 2746 773 2760; x_wconf 53' lang='lat' dir='ltr'>rust)</span> <span class='ocrx_word' id='word_1_534' title='bbox 793 2747 829 2761; x_wconf 65' lang='lat' dir='ltr'>«ir.</span> 
     </span>
    </p>
   </div>
   <div class='ocr_carea' id='block_1_7' title="bbox 2032 691 2055 709">
    <p class='ocr_par' dir='ltr' id='par_1_7' title="bbox 2032 691 2055 709">
     <span class='ocr_line' id='line_1_49' title="bbox 2032 691 2055 709; baseline 0 0"><span class='ocrx_word' id='word_1_535' title='bbox 2032 691 2055 709; x_wconf 87' lang='lat'>10</span> 
     </span>
    </p>
   </div>
   <div class='ocr_carea' id='block_1_8' title="bbox 2030 947 2054 966">
    <p class='ocr_par' dir='ltr' id='par_1_8' title="bbox 2030 947 2054 966">
     <span class='ocr_line' id='line_1_50' title="bbox 2030 947 2054 966; baseline 0.042 -1"><span class='ocrx_word' id='word_1_536' title='bbox 2030 947 2054 966; x_wconf 84' lang='lat'>15</span> 
     </span>
    </p>
   </div>
   <div class='ocr_carea' id='block_1_9' title="bbox 2029 1203 2054 1222">
    <p class='ocr_par' dir='ltr' id='par_1_9' title="bbox 2029 1203 2054 1222">
     <span class='ocr_line' id='line_1_51' title="bbox 2029 1203 2054 1222; baseline 0.04 -1"><span class='ocrx_word' id='word_1_537' title='bbox 2029 1203 2054 1222; x_wconf 84' lang='lat'>20</span> 
     </span>
    </p>
   </div>
   <div class='ocr_carea' id='block_1_10' title="bbox 2028 1458 2052 1477">
    <p class='ocr_par' dir='ltr' id='par_1_10' title="bbox 2028 1458 2052 1477">
     <span class='ocr_line' id='line_1_52' title="bbox 2028 1458 2052 1477; baseline 0 0"><span class='ocrx_word' id='word_1_538' title='bbox 2028 1458 2052 1477; x_wconf 82' lang='lat'>25</span> 
     </span>
    </p>
   </div>
   <div class='ocr_carea' id='block_1_11' title="bbox 2027 1715 2052 1733">
    <p class='ocr_par' dir='ltr' id='par_1_11' title="bbox 2027 1715 2052 1733">
     <span class='ocr_line' id='line_1_53' title="bbox 2027 1715 2052 1733; baseline -0.04 0"><span class='ocrx_word' id='word_1_539' title='bbox 2027 1715 2052 1733; x_wconf 81' lang='lat'>³0</span> 
     </span>
    </p>
   </div>
   <div class='ocr_carea' id='block_1_12' title="bbox 2028 1972 2052 1990">
    <p class='ocr_par' dir='ltr' id='par_1_12' title="bbox 2028 1972 2052 1990">
     <span class='ocr_line' id='line_1_54' title="bbox 2028 1972 2052 1990; baseline 0 0"><span class='ocrx_word' id='word_1_540' title='bbox 2028 1972 2052 1990; x_wconf 76' lang='lat'>35</span> 
     </span>
    </p>
   </div>
   <div class='ocr_carea' id='block_1_13' title="bbox 2026 2351 2050 2368">
    <p class='ocr_par' dir='ltr' id='par_1_13' title="bbox 2026 2351 2050 2368">
     <span class='ocr_line' id='line_1_55' title="bbox 2026 2351 2050 2368; baseline 0 0"><span class='ocrx_word' id='word_1_541' title='bbox 2026 2351 2050 2368; x_wconf 72' lang='lat'>40</span> 
     </span>
    </p>
   </div>
   <div class='ocr_carea' id='block_1_14' title="bbox 2025 2607 2049 2625">
    <p class='ocr_par' dir='ltr' id='par_1_14' title="bbox 2025 2607 2049 2625">
     <span class='ocr_line' id='line_1_56' title="bbox 2025 2607 2049 2625; baseline 0.042 -1"><span class='ocrx_word' id='word_1_542' title='bbox 2025 2607 2049 2625; x_wconf 69' lang='lat'>45</span> 
     </span>
    </p>
   </div>
  </div>
 </body>
</html>
