2189 2984
177 803 202 822 10

176 1063 200 1082 15

172 1320 200 1339 20

171 1577 197 1597 25

169 1836 198 1855 ³0

170 2092 195 2111 ³5

167 2349 195 2367 ⁴0

167 2603 194 2621 45

697 135 793 162 ACTA
812 135 924 161 REGNI
944 136 1079 163 KAROLI
1098 137 1144 163 IV.
1183 139 1256 165 1346.
1293 140 1338 165 Nr.
1353 141 1393 166 64.
1822 151 1861 178 95

611 266 670 302 64.
713 266 892 302 Decretum
919 269 1007 311 repis
1033 269 1230 305 Bolzemeiae.
1259 291 1309 294 —
1336 271 1402 305 Ιιιῖ.
1423 274 1476 306 11.

333 337 492 378 Oriy-male
509 339 584 379 (or.)
605 339 717 370 ibidem
739 351 787 371 nr.
804 342 833 371 8.
877 340 1016 372 Contulit
1039 342 1077 372 F.
1096 342 1192 374 Kern.
1240 344 1384 383 Se'qz'llum
1407 345 1497 376 deest.
1543 347 1605 378 Ed.
1622 347 1731 379 Emler
1749 359 1783 387 p.
1802 350 1862 379 0100*

220 401 271 422 nr.
290 390 381 420 1737.
407 408 446 412 ——
471 390 563 421 Ecetr.
582 390 762 422 Sauerlaml
777 392 838 423 III
857 403 906 423 nr.
924 393 995 423 589.

330 445 404 484 Rey.
428 446 500 484 imp.
518 445 605 477 VIII
626 446 854 478 Reiclzssachen
876 459 924 478 ην.
943 449 971 478 6.

333 501 419 541 Quae
442 511 511 532 cum
536 501 562 532 T
585 502 783 539 concordant,
808 503 890 542 typis
913 504 1085 535 minoribus
1108 505 1220 535 ea‘cude'
1243 507 1431 538 curavimus.

331 591 512 618 Sanctissimo
536 591 565 618 111
589 591 700 619 Christo
724 593 798 626 patri
822 602 853 619 ac
877 593 989 620 domino
1014 603 1062 621 suo
1087 595 1199 621 domino
1217 595 1354 622 Clementi
1377 596 1472 622 divina
1487 597 1668 630 providencia
1684 604 1859 627 sacrosancte

221 643 347 670 Romane
383 645 417 670 et
450 643 617 670 universalis
651 644 766 670 ecclesie
800 653 907 671 summo
942 645 1069 679 pontifici
1156 642 1315 674 Iohannes
1350 643 1411 673 Dei
1440 645 1547 684 gracia
1577 645 1711 676 Boemie
1740 658 1795 678 rex
1825 660 1862 679 ac

221 690 539 731 Lucemb(urgensis)
563 700 670 722 comes
759 705 821 722 cum
844 699 976 730 prompta
998 698 1186 724 reverencia*.

325 745 503 772 Sanctissime
531 747 619 779 pater.
656 746 734 776 Cum,
760 749 841 780 prout
862 748 950 773 vestre
978 748 1124 774 sanctitati
1150 757 1204 774 non
1234 751 1275 775 est
1304 749 1485 784 incognitum,
1514 751 1621 784 prolixa,
1650 753 1720 779 sacri
1745 754 1861 779 Romani

222 797 348 831 imperii,
373 798 444 830 quod
471 806 553 823 unum
579 797 612 823 (10
632 797 681 824 Dei
701 797 780 823 donis
798 798 934 827 maximis.
955 799 1055 832 quibus
1074 800 1119 826 hic
1139 800 1255 826 mundus
1275 800 1468 834 principaliter
1486 802 1604 836 regitur,
1624 812 1681 829 esse
1700 804 1858 835 dinoscitur,

222 848 336 874 vacacio
351 848 405 882 ipsi
420 848 543 882 imperio,
557 848 620 874 fidei
633 858 742 882 quoque
757 850 894 877 catholice
909 853 937 877 et
951 851 1004 877 toti
1017 851 1178 885 reipublice,
1193 856 1275 886 prout
1288 854 1338 879 hec
1352 854 1505 881 destruccio
1520 855 1650 882 bonorum
1664 856 1859 890 imperialium,

221 900 388 927 deformacio
412 901 531 926 menium
551 903 579 927 et
598 900 725 928 indebita
743 902 892 928 distraccio
917 905 945 929 et
964 904 1110 937 usurpacio
1130 904 1319 937 dominiorum,
1339 905 1486 932 civitatum
1505 908 1533 932 et
1552 907 1680 933 villarum
1700 909 1727 934 in
1747 909 1860 935 diversis

220 952 315 978 mundi
346 952 473 986 partibus
501 952 562 978 luce
591 952 691 978 elarius
719 953 910 983 manifestant,
940 954 1117 988 dispendiosa
1145 956 1268 989 pericula
1292 958 1320 982 et
1348 957 1516 990 multiplicia
1540 957 1711 985 incommoda
1731 959 1856 987 intulisse

223 1005 353 1030 noscatur
372 1006 399 1030 et
421 1003 634 1030 coniecturando
654 1004 840 1031 verisimiliter
859 1014 891 1031 ex
906 1006 1048 1039 preteritis
1061 1007 1095 1032 ad
1109 1007 1203 1034 futura
1216 1007 1391 1034 turbat-iones
1405 1008 1529 1040 maiores,
1543 1010 1715 1041 exterminia,
1729 1012 1859 1038 scandala

219 1057 250 1082 et
270 1055 395 1089 pericula
416 1055 581 1090 gravissima
600 1055 722 1089 ingerere
742 1065 797 1082 non
817 1057 920 1090 absque
940 1058 1050 1084 racione
1071 1059 1305 1085 consider-aucium
1326 1059 1421 1093 utique
1441 1060 1610 1093 formidetur,
1630 1063 1657 1088 et
1676 1064 1789 1096 propter
1807 1063 1858 1089 hoc

220 1107 394 1142 principibus
418 1107 489 1133 sacri
520 1107 629 1141 imperii
657 1108 836 1139 electoribus,
863 1109 896 1134 (10
916 1118 1030 1142 quornm
1054 1119 1165 1136 numero
1191 1119 1260 1136 1111115
1280 1120 1337 1137 esse
1356 1111 1494 1143 1111103001,
1514 1112 1548 1138 ad
1568 1113 1702 1146 pretactis
1722 1114 1858 1147 periculis.

219 1162 304 1194 prout
324 1159 394 1185 foret
415 1159 555 1192 possibile.
574 1159 778 1189 occurrendum,
799 1159 826 1185 in
847 1161 976 1194 pomeriis
995 1162 1093 1187 subtus
1114 1162 1200 1188 Rense
1220 1171 1302 1196 super
1321 1163 1386 1189 litus
1406 1163 1482 1193 Heni,
1503 1164 1549 1190 ubi
1570 1164 1706 1198 principes
1726 1166 1858 1192 electores

218 1211 288 1237 dicti
308 1210 419 1243 imperii
439 1218 488 1243 pro
508 1209 630 1243 negociis
650 1209 770 1236 eiusdem
797 1211 942 1237 convenire
970 1212 1038 1237 alias
1059 1217 1270 1241 consueverunt.
1292 1214 1337 1240 XI.
1358 1214 1402 1240 die
1420 1215 1522 1241 mensis
1543 1215 1614 1245 Iulii,
1634 1217 1809 1243 reverendis*
1831 1217 1858 1243 in

218 1263 330 1290 Christo
360 1262 486 1296 patribus
518 1262 638 1288 dominis
666 1257 832 1289 Baldwino
863 1259 1069 1300 Trcvcrcnsi,
1099 1265 1215 1292 Gerlaco
1244 1267 1454 1301 Moguntinensi
1482 1270 1510 1294 et
1526 1268 1669 1295 Walramo
1700 1268 1858 1295 Coloniensi

218 1313 437 1348 archiepiscopis
455 1321 561 1338 necnon
581 1313 684 1338 illustri
705 1313 829 1347 principe
850 1314 979 1340 domino*
1002 1315 1119 1341 Rudclso
1140 1316 1207 1342 duce
1228 1317 1345 1343 saxonie
1364 1319 1392 1343 et
1411 1327 1460 1348 nie,
1481 1318 1554 1351 ¹apud
1575 1328 1641 1352 quos
1661 1321 1750 1345 totum
1770 1319 1811 1345 ius
1831 1322 1858 1345 et

218 1368 344 1400 potestas
364 1364 483 1397 eligendi
499 1364 681 1390 Romanorum
695 1374 786 1398 regem
807 1365 832 1390 in
848 1365 1042 1399 imperatorem
1056 1368 1271 1400 promovendum
1286 1368 1459 1402 integraliter
1472 1370 1618 1400 residebat,
1632 1370 1858 1397 convenientibus

217 1421 246 1445 et
266 1417 449 1452 personaliter
469 1416 683 1442 consistentibus
702 1425 738 1443 ac
758 1417 872 1450 provide
892 1417 1109 1448 attendentibus,
1130 1428 1182 1445 non
1202 1429 1281 1454 posse
1302 1420 1512 1447 conveniencius
1531 1430 1612 1454 qnam
1632 1430 1680 1455 per
1694 1422 1855 1448 electionem

217 1470 304 1496 futuri
324 1469 396 1503 regis
417 1469 602 1494 Romanorum
626 1468 654 1494 in
678 1467 873 1502 imperatorem
893 1471 1071 1502 1›1·‹‡1movendi
1097 1472 1230 1504 pret-actis
1256 1472 1385 1504 periculis
1411 1475 1439 1499 et
1458 1473 1666 1499 turbacionibus
1691 1473 1810 1502 obviari,
1831 1476 1856 1499 et

217 1521 417 1553 subsequenter
437 1529 485 1553 per
504 1520 593 1546 dictos
613 1519 747 1546 electores
767 1522 795 1546 et
813 1520 882 1545 alios
901 1529 1026 1554 proceres
1046 1522 1154 1555 imperii
1175 1523 1280 1554 fideles,
1302 1526 1331 1549 ut
1350 1524 1432 1550 moris
1451 1526 1492 1550 est
1512 1524 1640 1558 ipsorum,
1660 1525 1732 1557 quod
1753 1525 1856 1550 dictum

218 1572 366 1606 imperium
386 1574 470 1604 atque
491 1581 605 1605 regnum
626 1571 680 1598 iam
700 1572 747 1597 diu
767 1572 908 1598 vacaverit
928 1575 955 1598 et
976 1576 1068 1599 vacet.
1089 1574 1199 1608 cognito
1219 1577 1244 1600 et
1265 1575 1388 1606 decreto,
1414 1584 1446 1601 ac
1465 1575 1547 1601 dictis
1568 1575 1739 1609 principibus
1760 1578 1787 1602 et
1806 1585 1855 1603 nie.

217 1624 246 1650 in
272 1625 406 1657 quantum
432 1624 591 1654 debuimus,
612 1624 837 1657 expectantibus,
867 1633 898 1650 ac
925 1625 1050 1651 omnibus
1079 1628 1106 1651 et
1133 1626 1249 1659 singulis
1269 1627 1442 1660 principibus
1465 1627 1638 1658 electoribus,
1657 1627 1704 1660 qui
1723 1627 1855 1653 eleccioni

216 1675 373 1702 huiusmodi
393 1675 555 1701 celebrande
580 1674 742 1705 debuerunt,
763 1675 907 1701 voluerunt
927 1679 952 1702 et
974 1679 1125 1710 potuerunt
1145 1678 1257 1704 comode
1277 1678 1420 1709 interesse,
1441 1679 1515 1704 dicta
1540 1679 1583 1704 die
1604 1680 1631 1704 et
1651 1678 1710 1704 loco
1730 1681 1855 1713 pretacto

216 1728 251 1754 ad
272 1727 323 1752 'noc
343 1728 424 1760 apto,
445 1726 560 1752 honesto
587 1729 614 1752 et
634 1728 764 1752 consueto
784 1727 971 1760 presentibus,
992 1736 1023 1753 ac
1043 1728 1115 1755 inter
1134 1729 1221 1755 dictos
1243 1729 1382 1763 principes
1406 1732 1433 1755 et.
1453 1739 1494 1756 me
1514 1739 1568 1756 una
1588 1739 1648 1756 cum
1668 1731 1734 1764 ipsis
1754 1730 1855 1757 delibe-

216 1778 326 1804 racione
353 1779 381 1803 et
408 1779 530 1803 tractatu
550 1777 673 1810 providis
693 1779 720 1803 et
740 1779 856 1804 maturis
876 1779 1044 1812 preliabitiS.
1065 1780 1147 1806 dictis
1165 1789 1273 1813 quoque
1301 1781 1466 1807 electoribus
1491 1783 1519 1807 et
1538 1790 1580 1807 me
1599 1782 1715 1808 ulterius
1734 1782 1761 1807 in
1780 1782 1854 1808 dicto

215 1829 363 1856 electionis
388 1829 502 1863 negocio
526 1828 578 1855 rite
603 1830 631 1855 et
655 1829 794 1862 legittime
818 1831 965 1864 procedere
990 1831 1178 1864 cupientibus,
1203 1834 1264 1866 post
1289 1832 1409 1858 diversos
1434 1834 1571 1858 tractatus
1596 1833 1757 1866 prehabitos
1785 1833 1853 1859 dicti

215 1882 350 1908 electores
370 1880 511 1914 principes
537 1882 564 1906 et
592 1889 655 1914 ego,
677 1880 858 1908 consideratis
882 1882 1002 1909 sollicite
1027 1885 1054 1909 et
1074 1882 1224 1916 diligenter
1243 1883 1366 1917 pensatis
1386 1884 1604 1910 circumstanciis
1625 1887 1652 1911 et
1671 1887 1746 1911 statu
1765 1885 1853 1911 diver-

215 1941 308 1959 sarum
338 1940 526 1965 personarum,
555 1940 604 1965 per
631 1940 699 1964 quas
729 1941 775 1958 seu
804 1942 853 1966 per
879 1942 961 1966 quam
987 1943 1071 1965 regno
1097 1936 1125 1960 et
1149 1934 1265 1968 imperio
1290 1935 1453 1961 vacantibus
1479 1935 1567 1968 possit
1586 1935 1682 1961 utilius
1702 1936 1852 1969 provideri:

215 1984 327 2010 tandem
348 1983 374 2009 in
396 1983 530 2010 illustrem
551 1985 579 2010 et
598 1983 776 2018 magnificum
796 1984 949 2018 principem
971 1985 1110 2011 dominum
1131 1986 1275 2015 Karolum,
1296 1986 1510 2020 primogenitum
1530 1996 1645 2018 meum,
1670 1987 1854 2014 marchionem

215 2036 354 2067 Moravie,
384 2036 438 2061 *ad
466 2036 634 2069 dignitatem
662 2036 816 2070 imperialis
845 2038 1019 2063 celsitudinis
1048 2039 1232 2065 cunctorum
1264 2035 1403 2065 omnium
1432 2034 1645 2075 predictorum
1676 2036 1853 2076 principum

215 2083 390 2114 electorum
415 2093 451 2113 ac
475 2083 609 2113 aliorum
633 2084 873 2124 magnificorum
897 2085 1074 2125 principum
1100 2089 1131 2116 et
1155 2096 1323 2127 procerum
1347 2086 1472 2125 iudicio,
1497 2091 1672 2117 considerata
1691 2091 1853 2118 infirmitate

214 2139 303 2165 nostri
332 2139 478 2173 temporis,
504 2134 664 2165 valentem
688 2135 896 2166 vehementer
926 2143 952 2166 et
980 2141 1120 2174 ydoneum
1144 2143 1329 2168 communiter
1356 2143 1545 2175 reputatum*y
1569 2142 1664 2168 divina
1687 2142 1852 2176 disponente

213 2189 366 2215 clemencia
386 2189 534 2215 direximus
555 2192 618 2216 vota
638 2193 740 2220 nostra,
761 2190 850 2224 ipsum
870 2191 897 2216 in
919 2192 1101 2218 Romanorum
1122 2201 1214 2226 regem
1239 2193 1266 2218 in
1287 2192 1481 2226 imperatorem
1501 2193 1674 2226 postmodum
1694 2202 1851 2226 promoven-

213 2241 278 2266 dum
298 2240 350 2266 rite
371 2242 398 2266 et
418 2240 590 2266 concorditer
608 2250 640 2267 ac
659 2241 850 2275 sollempniter
869 2242 1005 2276 eligendo,
1025 2245 1168 2276 sperantes
1188 2245 1216 2269 et
1235 2244 1338 2270 firmam
1359 2245 1386 2270 in
1405 2244 1520 2270 Domino
1540 2244 1667 2270 fiduciam
1687 2244 1851 2273 obtinentes,

213 2293 289 2326 quod
312 2302 361 2326 per
385 2289 606 2320 strenuitatem
631 2292 663 2320 et
686 2290 978 2330 circumspectionis
1002 2301 1057 2321 sue
1082 2290 1268 2322 industriam
1293 2298 1471 2322 sacrosancta
1494 2296 1618 2322 Romana
1638 2305 1670 2322 ae
1687 2297 1851 2323 universalis

213 2343 331 2370 ecclesia
356 2344 444 2377 possit
470 2345 498 2370 et
521 2344 621 2370 debeat
646 2346 774 2378 potenter
797 2347 825 2371 et
850 2345 967 2371 viriliter
990 2345 1124 2371 defensari
1148 2354 1184 2371 ac
1210 2346 1237 2371 in
1261 2346 1455 2380 spiritualibus
1480 2348 1508 2372 et
1534 2346 1731 2380 temporalibus
1759 2347 1851 2372 votiva

213 2394 353 2428 suscipere
372 2394 542 2422 incrementa
562 2398 590 2422 et
608 2395 697 2422 eciam
716 2396 874 2430 respublica
893 2396 976 2430 dirigi
997 2397 1111 2430 provide
1130 2399 1158 2423 et
1177 2397 1230 2423 sibi
1249 2407 1366 2432 superno
1386 2398 1555 2432 suffragante
1574 2398 1678 2424 auxilio
1695 2398 1850 2431 gubernari.

213 2446 356 2472 Electione
385 2448 478 2473 autem
507 2447 664 2473 huiusmodi
692 2447 844 2478 celebrata,
873 2456 931 2474 eam
961 2448 1033 2474 clero
1062 2451 1090 2475 et
1115 2449 1217 2482 populo
1246 2450 1356 2482 copiose
1384 2449 1569 2475 multitudinis
1593 2449 1694 2475 ibidem
1720 2449 1848 2474 existenti

213 2497 328 2524 fecimus
352 2498 505 2532 publicari.
533 2501 559 2525 et
587 2499 762 2532 postmodum
787 2499 878 2525 dictus
901 2500 993 2525 noster
1017 2499 1135 2529 electus,
1156 2500 1202 2533 qui
1223 2509 1333 2533 presens
1352 2500 1459 2530 extitit,
1480 2502 1604 2534 pretacte
1624 2499 1752 2526 electioni
1772 2499 1803 2525 de
1823 2508 1849 2524 >c

213 2550 296 2579 facte,
316 2549 412 2576 debita
431 2558 479 2583 per
498 2559 546 2576 nos
565 2549 759 2584 interpellatus
780 2550 923 2581 instanciay
943 2551 1010 2576 licet
1030 2559 1062 2576 ex
1082 2551 1242 2577 humilitate
1262 2552 1296 2577 ad
1316 2552 1421 2577 culmen
1441 2554 1518 2577 tante
1532 2550 1704 2577 celsitudinis
1723 2560 1749 2575 se
1769 2550 1849 2575 ins-1112

213 2599 351 2626 ficientem
376 2603 404 2627 et
428 2601 571 2635 indignum
595 2610 719 2628 asserens
743 2601 939 2635 multipliciter
962 2605 1119 2633 excusaret,
1140 2603 1217 2628 nobis
1237 2606 1329 2629 tamen
1351 2603 1526 2629 vehementer
1549 2602 1729 2632 instantibus,
1750 2601 1849 2626 divini>

213 2651 309 2677 nolens
328 2653 465 2679 contraire
485 2653 722 2686 disposicionibus,
742 2653 777 2679 ad
796 2653 913 2687 gloriam
933 2653 1069 2679 Altissimi
1088 2656 1245 2680 reverenter
1263 2654 1413 2683 consensit,
1434 2654 1557 2687 proprios
1577 2654 1701 2679 humeros
1720 2653 1848 2677 immense

213 2701 320 2728 sai-cine
348 2703 472 2736 predicto
500 2712 606 2731 annexe
631 2704 744 2730 culmini
773 2704 970 2730 submittendo.
1013 2704 1188 2738 Quapropter
1208 2708 1295 2732 vestre
1319 2706 1448 2731 immense
1475 2704 1621 2731 clemencie
1643 2706 1705 2729 voto
1725 2702 1846 2728 unanimi

211 2762 275 2779 cum
298 2754 379 2780 dictis
398 2755 583 2790 principibuS‚
603 2756 670 2782 meis
690 2755 818 2790 collegis,
838 2758 895 2782 tam
920 2756 1018 2782 devote
1038 2765 1119 2789 quam
1139 2757 1282 2783 humiliter
1301 2756 1427 2790 supplico
1451 2756 1477 2781 in
1496 2756 1549 2781 hiis
1569 2755 1690 2788 scriptisv
1711 2756 1845 2786 quatenus
