2189 2984
186 442 198 460 5

174 739 198 758 1⁰

681 144 777 171 ACTA
796 144 909 171 REGNI
929 145 1066 172 KAROLI
1088 145 1133 171 IV.
1173 127 1245 172 i348.
1284 146 1403 174 N1-.600.
1805 153 1866 182 007

218 231 253 262 Μ
279 230 494 270 apographum
528 230 707 261 litterarum
735 240 755 260 α
784 229 905 261 Karolo
928 229 988 260 IV.
1021 230 1078 261 sub
1112 231 1271 269 {inperiali
1299 232 1389 263 titulo
1418 243 1447 263 α.
1472 234 1563 263 1370.
1589 234 1662 264 que.
1685 235 1736 265 23.
1767 235 1867 266 denuo

217 282 375 312 editarum
392 283 446 319 (z
461 281 535 321 Rey.
548 282 621 320 imp.
636 281 729 312 VIII
738 291 786 311 nr.
799 281 899 319 4353)
914 281 949 312 in
968 280 1039 312 Coa.
1051 281 1156 312 Marc.
1168 282 1230 319 IX,
1243 284 1285 312 83
1301 283 1388 322 (olim
1405 283 1517 320 CLIX,
1530 284 1610 321 ¹203,-
1626 296 1703 316 saec.
1712 285 1745 316 X
1754 286 1866 323 VIII.)

214 332 243 373 f.
256 333 450 363 211—217'.
489 332 587 364 Cuius
601 332 777 372 apographi
791 332 959 371 imayinem
976 332 1209 373 plzototypiccmz
1228 333 1260 364 C.
1274 333 1370 364 Frati‘
1385 345 1412 365 v.
1425 334 1460 365 cl.
1477 335 1635 366 nobiscum
1659 337 1865 368 benevolenter

217 384 464 415 communicavit.
493 402 532 406 —
564 383 626 415 Ed.
648 383 804 414 Robertus
826 383 1020 423 Pappafava
1052 384 1086 414 ‘in
1116 394 1274 425 anonyma
1305 384 1548 417 ‘Dissertazione
1579 387 1657 417 della
1689 388 1866 427 (Je-nealoglia

218 434 294 467 delle
317 434 463 474 famiqlc'e
484 444 630 474 §emilane
653 435 734 466 della
762 445 836 465 casa
862 435 897 465 di
922 434 1079 466 Carrara’
1109 435 1254 474 (Padova
1276 437 1376 476 1771)
1404 447 1438 475 2).
1457 438 1592 467 89—94
1622 449 1659 469 cfr
1689 440 1867 478 apoyrapho

217 486 352 526 quodam
375 486 471 517 totius
493 486 607 517 codicis
630 486 659 517 V
685 497 714 517 a.
734 486 825 517 1750.
849 485 1016 526 eonfectol.

325 580 464 611 Karolus
487 580 549 611 Dei
572 580 675 621 gratia
699 580 919 611 Romanorum
951 591 1008 611 rex
1037 591 1164 621 semper
1188 586 1341 622 augustus
1370 585 1402 613 et
1426 582 1581 613 Bohemie
1606 593 1672 613 rex.
1718 583 1768 614 Ad
1794 595 1866 624 per-

216 634 347 673 petuam
372 633 439 662 reia
462 632 661 662 memoriam.

324 683 579 724 Nonnunquamb
594 683 807 724 consequitur,
821 686 886 713 uta
900 683 1016 714 iudicio
1031 683 1192 714 discordet
1209 684 1342 714 effectus
1363 688 1404 723 et,
1428 685 1513 725 quod
1535 685 1725 716 credebatur
1742 686 1866 716 coniec-

217 737 286 765 tura
298 734 461 775 prodesse,
474 734 694 775 experimento
708 734 818 765 inutile
834 734 1010 765 videatur2.
1040 734 1141 775 Igitur
1154 736 1280 775 generis
1295 735 1424 766 humani
1437 739 1556 767 statuta
1569 739 1867 777 quantumcunqueC

172 814 182 825 „
216 786 368 827 pollentid
393 789 536 817 veterum
561 786 751 816 auctoritate
775 786 896 816 sancita
921 785 1014 817 decet
1038 787 1214 826 principem
1246 787 1326 827 legis
1357 790 1481 828 patrem
1505 792 1637 828 propter
1660 787 1867 828 fragilitatem

173 996 196 1014 55

169 1256 196 1275 20

171 1513 197 1532 2⁵

174 1770 198 1789 ³0

172 2026 198 2044 35

173 2282 198 2300 40

175 2579 201 2597 45

215 838 398 877 humanam,
413 847 474 878 que
486 838 595 878 nequit
608 837 721 868 futuris
734 837 878 867 casibus⁰
902 837 1080 877 providere,
1099 838 1187 868 novis
1203 838 1421 869 sanctionibus
1438 839 1624 879 reformare,
1642 849 1712 870 oum
1731 842 1763 869 et
1778 840 1868 869 novis

215 888 455 929 emergentibus
472 892 583 919 nature
595 888 789 919 novitatibus
803 899 885 919 nova
896 888 1082 919 conveniatf
1095 889 1239 920 antidota
1254 891 1427 930 preparari.
1463 890 1504 921 Et
1518 891 1591 921 ideo
1605 891 1769 922 Romanus
1782 892 1867 931 prin-

215 950 301 980 ceps,
318 940 549 971 sacratissimus
565 940 740 980 legislator,
757 941 825 981 ipse
843 941 1010 980 profitetur
1025 951 1058 971 se
1076 951 1138 971 non
1156 942 1267 982 pigere
1282 941 1371 982 leges
1386 942 1531 982 proprias
1547 942 1719 973 emendare
1734 946 1767 972 et
1784 942 1867 973 bella

216 991 356 1021 indicere
373 994 550 1032 posteaque
568 995 678 1022 eterna
702 1002 781 1032 pace
805 992 911 1032 sopire
936 1002 994 1022 nec
1018 1002 1079 1022 non
1104 992 1192 1033 leges
1216 993 1365 1033 antiquas
1388 993 1451 1023 iam
1477 994 1565 1024 senio
1584 993 1813 1034 pregravatas³
1837 993 1867 1023 in

215 1042 409 1073 luculentam
432 1043 556 1083 erigere
578 1043 841 1073 eonsonantian14
857 1043 1171 1084 sacratissimumque
1193 1044 1348 1084 templum
1373 1044 1490 1075 iustitie
1513 1045 1722 1075 consecrare5
1746 1044 1867 1074 inutilia

215 1094 429 1133 resecandos,
454 1098 564 1125 vetera
588 1094 781 1125 destruendo
807 1105 999 1135 semperque
1024 1105 1107 1125 nova
1131 1095 1340 1125 condendohu
1365 1095 1405 1126 eb
1431 1095 1633 1126 commodum
1657 1095 1866 1126 subditorum.

216 1144 398 1186 Eapropter
421 1145 687 1186 predecessorum
712 1149 891 1176 nostrorum
915 1146 1058 1185 vestigiis
1082 1146 1228 1176 inherere
1254 1146 1414 1186 volentes,
1440 1151 1533 1187 prout
1562 1157 1671 1177 eorum
1696 1147 1867 1178 sanctioni-

216 1196 275 1227 bus
298 1197 522 1237 informamur,
553 1208 623 1228 eum
652 1208 709 1238 per
732 1198 837 1238 legem
868 1198 989 1237 regiam
1015 1198 1116 1228 omnis
1142 1201 1284 1238 potestas
1309 1208 1467 1238 omneque
1491 1198 1673 1229 Romanum
1697 1199 1868 1238 imperium

216 1248 247 1278 in
275 1251 416 1279 nostram
444 1249 483 1279 sit
511 1249 699 1279 translatum
724 1250 845 1289 regiam
872 1249 1106 1285 maiestatem7,
1136 1249 1224 1279 cuius
1254 1250 1417 1290 proprium
1446 1252 1494 1280 est
1517 1249 1661 1280 misereri
1686 1260 1814 1289 semper
1837 1254 1869 1279 et

216 1299 415 1330 subditorum
447 1301 587 1341 peccatis
617 1300 800 1341 ignoscere,
832 1301 885 1341 qui
915 1300 1028 1340 dignos
1056 1311 1090 1331 se
1119 1301 1296 1340 penitentia
1323 1301 1405 1330 iusta
1433 1300 1583 1339 rcddunt,
1614 1311 1649 1331 ae
1679 1301 1724 1330 eis
1751 1299 1868 1340 regalis

215 1351 419 1382 liberalitatis
451 1353 608 1392 gremium
638 1353 778 1392 aperire,
810 1352 896 1382 eumi
928 1351 1067 1382 humana
1097 1351 1253 1392 fragilitas
1286 1351 1325 1382 de
1355 1352 1440 1382 facili
1468 1352 1585 1382 labitur
1616 1351 1657 1381 ad
1688 1351 1804 1382 delicta
1837 1354 1869 1381 et

215 1402 288 1433 ideo
321 1404 487 1434 universus
522 1403 607 1434 orbis
644 1404 824 1434 severitatis
859 1404 983 1444 laqueis
1011 1414 1047 1434 ac
1076 1403 1240 1434 demeritis
1268 1402 1462 1441 subiaceret,
1492 1404 1549 1433 nisi
1580 1403 1755 1443 imperialis
1779 1402 1868 1433 beni-

216 1454 355 1485 volentia
385 1455 585 1493 sublevaret,
615 1456 665 1485 cui
695 1455 842 1485 convenit
873 1455 978 1495 potius
1009 1454 1048 1485 de
1080 1454 1313 1491 misericordia,
1344 1465 1439 1494 quam
1467 1454 1507 1484 de
1537 1455 1708 1485 severitate
1733 1453 1868 1484 reddere

217 1506 384 1543 rationem,
418 1506 558 1536 maxime
582 1506 658 1536 vitio
684 1506 789 1536 alieno
822 1506 973 1547 fatigatos
997 1509 1029 1536 et
1054 1506 1160 1546 lapsos
1184 1504 1346 1536 maximek
1372 1505 1411 1536 ad
1437 1510 1558 1536 rectum
1584 1506 1743 1536 tramitem
1774 1505 1868 1535 redu-

217 1556 328 1590 cendo,
355 1557 667 1598 considerantesque,
693 1557 779 1598 quod
803 1557 888 1588 clare
912 1558 1067 1588 memorie
1092 1557 1315 1587 invictissimus
1345 1558 1492 1597 princeps
1520 1557 1679 1587 Hem-icus
1703 1557 1868 1597 septimus,

216 1618 294 1638 avus
317 1612 435 1647 noster,
459 1609 618 1649 imperiali
643 1608 722 1639 solio
748 1610 938 1639 constitutus
962 1608 1114 1640 Iacobum
1140 1608 1300 1649 quondam
1325 1608 1467 1643 Marsilii,
1492 1608 1682 1639 Ubertinum
1707 1607 1867 1649 quondam

218 1658 391 1695 Bonifacii,
421 1659 590 1690 Nicolaum
620 1661 687 1690 eius
716 1660 828 1697 filium,
853 1660 1028 1691 Marsilium
1057 1660 1218 1700 quondam
1243 1660 1436 1698 Perenzani,
1465 1659 1677 1700 Oppizoneml
1706 1658 1867 1699 quondam

216 1709 351 1740 Marsilii
380 1711 420 1741 de
450 1711 544 1741 domo
572 1711 697 1741 illorum
721 1711 761 1741 de
778 1712 942 1750 Carraria,
968 1711 1118 1742 Tisonem
1148 1711 1317 1741 Novellum
1344 1711 1503 1751 quondam
1530 1711 1653 1741 Tisonis
1678 1714 1710 1740 et
1734 1710 1867 1740 Guillel-

218 1767 331 1791 mum¹¹¹
356 1762 516 1802 quondam
546 1762 656 1792 Iacobi
688 1763 799 1793 ambos
828 1763 867 1793 de
898 1763 993 1793 domo
1024 1762 1151 1793 illorum
1176 1762 1215 1792 de
1242 1761 1364 1802 Campo
1389 1762 1490 1792 saneti
1514 1762 1616 1799 Petri,
1645 1761 1811 1791 Belludum
1837 1766 1868 1791 et

218 1812 450 1843 Zambonetum
483 1813 643 1854 quondam
672 1814 850 1844 Alexandri
880 1813 919 1844 de
950 1813 1108 1846 Belludis.
1128 1813 1343 1857 *Albi-igetum
1372 1814 1532 1854 quondam
1562 1813 1684 1844 Mathei
1716 1812 1756 1842 de
1788 1811 1866 1842 Cur-

217 1864 304 1893 tosiis
330 1867 361 1894 et
385 1864 569 1905 Philippum
595 1865 754 1905 quondam
780 1865 928 1896 Demitrii
953 1865 991 1896 do
1010 1864 1187 1896 Comitibus
1213 1870 1244 1895 et
1268 1865 1347 1895 alias
1372 1865 1578 1905 quamplures
1602 1864 1778 1904 singulares
1795 1873 1867 1903 per-

217 1925 311 1946 sonas
340 1915 379 1945 de
409 1916 538 1946 civitate
568 1916 680 1946 Padue
710 1917 895 1947 nominatim
928 1927 985 1947 nec
1016 1927 1076 1946 non
1107 1920 1138 1946 et
1167 1927 1335 1946 commune
1363 1917 1461 1956 ipsius
1485 1916 1621 1947 civitatis
1654 1919 1686 1946 et
1716 1925 1868 1955 personas

219 1976 329 1996 omnes
354 1967 437 1997 dicte
463 1968 700 1998 communitatis
723 1968 918 2008 generaliter
940 1978 996 2008 pro
1022 1967 1213 2007 quibusdam
1231 1967 1415 1997 excessibus
1433 1970 1465 1997 et
1482 1967 1616 2000 delictis,
1640 1970 1673 1996 ut
1691 1965 1867 1996 dicebatur.

218 2016 258 2047 ab
288 2018 364 2058 ipsis
394 2019 587 2059 perpetratis
623 2018 662 2049 de
696 2019 827 2049 crimine
860 2019 927 2049 lese
958 2019 1134 2048 maiestatis
1168 2018 1402 2049 sententialiter
1433 2018 1720 2058 condempnas-itu*
1755 2026 1866 2056 quam—

217 2068 325 2108 plures
350 2079 450 2109 penas
474 2070 678 2110 gravissimas
703 2071 733 2100 in
757 2071 843 2110 ipsos
867 2069 1115 2110 promulgando,
1142 2073 1236 2110 prout
1259 2070 1289 2099 in
1314 2070 1383 2110 ipsa
1408 2069 1716 2109 0011demp11atione0
1740 2071 1772 2098 et
1796 2077 1865 2097 sen-

217 2121 316 2151 tentia
341 2121 465 2161 plenius
490 2122 680 2160 continetur,
705 2122 792 2152 cuius
817 2122 955 2152 criminis
972 2121 1095 2151 macula
1118 2120 1292 2151 secundum
1311 2121 1550 2161 dispositionem
1575 2119 1733 2159 legalem⁹
1757 2128 1866 2149 eorum

216 2171 271 2201 filii
296 2182 332 2202 ae
357 2172 441 2202 filiae
466 2176 538 2202 sunt
562 2173 671 2203 infecti
695 2174 867 2214 multisque
892 2173 982 2213 penis
999 2172 1208 2203 atrocioribus
1226 2173 1367 2209 irretitiv,
1386 2172 1474 2202 cuius
1491 2171 1616 2202 Nicolai
1634 2170 1716 2200 filius
1732 2169 1867 2200 Iacobus

217 2222 258 2252 ad
282 2223 437 2253 unitatem
463 2228 495 2254 et
519 2223 752 2255 subiectionem
776 2225 875 2254 nostri
900 2224 1044 2254 culminis
1069 2234 1104 2254 ac
1129 2223 1267 2254 Romani
1291 2223 1415 2263 imperii
1439 2223 1601 2253 humiliter
1625 2225 1673 2252 est
1696 2230 1866 2251 conversus

217 2273 332 2303 multas
356 2274 528 2305 fidelitates
552 2285 589 2305 ae
613 2275 767 2316 obsequia
791 2275 1006 2306 exhibendos.
1030 2278 1161 2315 propter
1178 2274 1263 2315 quod
1288 2284 1328 2305 ex
1346 2274 1573 2304 humanissima
1591 2273 1733 2313 equitate
1751 2271 1866 2301 meruit

320 2366 386 2393 600.
414 2367 437 2398 ·)
451 2367 519 2392 deest
539 2368 564 2392 V.
624 2367 649 2398 b)
663 2377 831 2400 nonunquam
851 2368 879 2393 V.
939 2369 961 2399 c)
975 2377 1136 2400 quacumque
1154 2367 1183 2392 Γ.
1246 2367 1270 2397 d)
1285 2369 1380 2400 polemi
1398 2368 1457 2392 VM.
1518 2370 1539 2398 e)
1553 2367 1671 2392 cursibus
1689 2365 1717 2390 Γ.
1775 2363 1794 2396 ¹]
1808 2373 1866 2390 eon-

217 2411 287 2435 venit
301 2410 334 2439 V,·
347 2411 504 2435 conveniant
517 2411 554 2435 M.
616 2411 641 2443 8)
660 2412 799 2436 desecando
816 2411 844 2436 Γ.
901 2410 925 2439 ¹¹)
945 2412 1060 2436 cudendo
1078 2411 1104 2435 V.
1166 2410 1182 2441 i)
1202 2419 1231 2435 eo
1245 2412 1312 2443 quod
1327 2411 1362 2435 M.
1420 2409 1444 2442 k)
1463 2411 1530 2435 deese
1544 2410 1580 2434 M.
1640 2408 1658 2440 l)
1677 2408 1815 2433 Obizonem
1829 2408 1865 2432 M.

217 2452 247 2483 ¹¹¹)
266 2453 443 2478 Guillielmum
470 2453 499 2478 Γ.
582 2454 606 2484 ¹¹)
625 2454 794 2478 condemnare
819 2454 847 2479 Γ,
931 2453 954 2484 0)
974 2454 1184 2478 condemnatione
1212 2453 1239 2477 Γ.
1321 2455 1346 2483 P)
1366 2454 1457 2477 irritati
1482 2453 1510 2477 V.
1594 2452 1617 2476 ‘13
1637 2451 1761 2476 ethbens
1788 2450 1814 2474 V.

219 2527 310 2554 Caroli
330 2529 380 2555 Dei
399 2530 491 2563 gratia
505 2529 690 2556 Romanorum
709 2538 816 2564 semper
829 2530 951 2564 augusti,
971 2532 999 2556 et
1013 2529 1144 2555 Bohemie
1164 2529 1238 2563 regis
1255 2529 1385 2554 roborato
1399 2527 1492 2561 sigillo
1510 2527 1569 2553 eius
1588 2534 1666 2552 cereo
1686 2524 1815 2559 pendenti
1831 2524 1866 2549 ad

221 2571 361 2597 cordulam
374 2572 490 2598 sericam
505 2572 603 2598 coloris
617 2572 749 2599 videlieet
768 2572 829 2598 zani
849 2575 877 2598 et
896 2572 974 2598 rubei
992 2572 1141 2598 habentem
1161 2571 1265 2597 circulo
1284 2571 1334 2596 has
1354 2570 1475 2596 litteras:
1490 2571 1505 2601 †
1517 2569 1630 2596 Carolus
1644 2569 1693 2594 Dei
1707 2567 1801 2602 gratia
1820 2587 1824 2592 .
1840 2587 1845 2592 .
1860 2587 1863 2591 .

218 2613 318 2640 Forma
337 2614 481 2648 privilegii
500 2614 566 2640 talis
585 2616 634 2641 est.

218 2666 244 2696 1)
264 2665 304 2691 De
323 2665 371 2690 7100
390 2665 545 2698 apostrophe
566 2675 585 2691 r.
602 2666 765 2699 Pappafczra
784 2666 800 2692 Ι,
819 2674 840 2692 c.
859 2674 887 2698 1).
901 2669 930 2692 13
948 2668 971 2691 et
991 2668 1046 2691 230.
1084 2665 1166 2690 Nune
1189 2665 1219 2690 rin
1246 2664 1341 2690 Museo
1364 2664 1519 2697 supradicto
1544 2663 1607 2689 ‘BP
1627 2663 1688 2688 746²
1706 2662 1864 2686 asservatur.

216 2707 243 2738 2)
263 2707 331 2733 Nor,
349 2711 390 2733 111
405 2716 446 2740 pr.
539 2708 564 2737 3)
592 2707 632 2739 Cf.
649 2708 711 2734 Cocl.
731 2708 754 2739 I,
769 2712 880 2741 17,*2pr.
971 2709 998 2740 4)
1021 2707 1060 2739 Cf.
1079 2707 1148 2733 Inst.
1163 2715 1206 2740 pr.
1220 2709 1235 2738 ,ξ
1251 2712 1273 2732 2.
1361 2708 1387 2739 5)
1409 2706 1450 2738 Cf.
1471 2706 1533 2732 Cod.
1553 2705 1576 2737 I,
1590 2709 1690 2735 17‚1.5.
1778 2703 1803 2733 6)
1824 2701 1864 2732 Cf.

219 2749 286 2775 Nor.
303 2754 366 2783 71⁰²
453 2751 478 2782 7)
500 2751 540 2781 (Υ.
555 2750 616 2783 Diy.
631 2751 654 2783 I,
668 2755 692 2783 4,
703 2756 723 2777 1.
811 2751 837 2782 8>
857 2751 946 2784 Supra
967 2753 1026 2777 tom.
1038 2750 1083 2776 11*
1098 2759 1139 2776 nr.
1154 2754 1209 2781 98⁶2,
1224 2758 1251 2782 p.
1269 2753 1374 2782 10213q.
1463 2749 1489 2778 9)
1511 2748 1571 2774 God.
1586 2747 1640 2780 IX,
1654 2751 1678 2777 3,
1689 2751 1710 2772 5,
