2189 2984
183 441 194 459 5

173 699 197 717 10

174 951 196 969 15

174 1208 198 1226 20

176 1466 200 1484 25

176 1725 200 1743 30

177 1983 200 2001 3⁵

179 2239 204 2257 40

178 2492 203 2511 45

633 138 727 165 ACTA
747 137 859 164 REGNI
878 137 1014 164 KAROLI
1033 137 1078 163 IV.

214 229 304 256 denda
315 229 399 255 titulo
412 229 514 256 feodali
528 229 656 254 duximus
670 237 730 254 con-

214 281 336 307 ferenda.
356 281 386 306 In
398 279 475 307 cuius
488 279 527 306 rei
539 279 730 306 testimonium

215 333 358 365 presentes
388 331 498 358 litteras
529 330 666 357 conscribi
701 331 730 356 et

215 384 307 409 nostre
324 382 481 408 maiestatis
494 381 589 415 sigillo
602 381 729 407 iussimus

213 433 344 459 roborari.

255 1714 378 1743 Datami)
399 1713 520 1738 Erfordie
541 1712 603 1738 XLk
624 1713 734 1738 K1.Au-

219 1765 307 1799 gusti,
344 1772 416 1790 anno
446 1763 557 1790 Domini
588 1763 735 1790 millesimo

219 1816 429 1845 CCoLxxxxo,
458 1815 614 1841 indiccione
639 1816 734 1847 tercia,

219 1867 299 1901 regni
323 1875 386 1893 vero
409 1867 497 1893 nostri
522 1875 592 1892 anno
615 1867 735 1900 septimo

220 1919 335 1945 decimo.

220 1975 328 2002 nostra
352 1971 539 2001 confirmare
569 1971 761 2001 auctoritate
791 1971 881 2011 regia
905 1971 1119 2012 dignaremur.

710 2045 716 2051 .
736 2046 741 2052 .
767 2021 933 2062 baronum,

246 2047 252 2053 .
277 2023 405 2061 ducum,
431 2047 436 2052 .
457 2047 462 2052 .
486 2022 677 2063 principum,

785 230 858 254 terra
877 229 906 254 et
925 227 1085 261 principatu
1098 227 1299 253 Waratislavie

784 280 812 305 et
843 278 942 310 Slesie,
973 279 997 304 si
1027 278 1118 312 ipsum
1151 278 1299 304 Henricum

784 330 881 356 ducem
901 329 1019 363 premori
1039 330 1221 364 contingeret,
1245 328 1300 355 sibi

783 381 897 408 deberet
915 381 1070 411 succedere,
1095 381 1189 407 iniisse
1209 380 1298 406 dinos-

783 432 856 458 citur
875 434 903 458 et
922 431 1026 461 fecisse,
1050 432 1184 458 habemus
1208 434 1299 458 ratam

783 485 812 510 et·
835 485 959 517 gratam,
982 491 1042 510 eam
1067 483 1100 509 de
1124 483 1299 517 plenitudine

784 535 933 568 potestatis
957 534 1032 568 regie
1055 534 1248 560 confirmantes
1271 536 1300 560 et

783 587 882 612 dantes
892 586 943 612 has
954 586 1062 612 litteras
1076 587 1191 615 nostras,
1205 585 1299 618 sigillo

785 640 877 664 nostro
902 638 1023 664 munitas
1052 637 1079 662 in
1108 636 1299 663 testimonium

783 697 866 722 super
885 697 924 715 eo.

825 1713 924 1738 Datum
938 1712 1061 1739 Erfordie
1077 1713 1153 1739 VIP.
1167 1713 1304 1739 Kalendas

788 1764 925 1791 Octobris,
946 1764 1101 1791 indiccione
1116 1765 1210 1795 tercia,
1231 1774 1304 1791 anno

788 1815 897 1841 Domini
926 1815 1073 1842 millesimo
1095 1816 1304 1845 CC‹¹LXXX0X,

788 1867 865 1900 regni
892 1875 955 1893 vero
982 1867 1068 1893 nostri
1095 1876 1167 1893 auno
1197 1867 1304 1894 decimo

788 1918 916 1951 septimo.

1116 138 1189 163 1348.
1227 137 1274 163 Nr.
1288 138 1338 164 5⁴33
1347 138 1443 165 -565.

1166 1971 1233 2001 Nos
1256 1971 1367 2011 utique
1392 1970 1589 2010 prefatorum

959 2048 964 2053 .
985 2049 991 2054 .
1015 2032 1184 2063 procerum
1211 2026 1243 2052 et
1266 2022 1430 2057 nobilium,
1467 2032 1545 2062 quos
1569 2021 1697 2050 honoris
1723 2024 1753 2049 et
1777 2019 1878 2049 felicis

1803 144 1864 172 573

1352 227 1497 253 dulcedine
1512 228 1663 261 prevenire.
1682 229 1866 256 Attendentes

1353 277 1447 310 itaque
1459 278 1586 305 inclitum
1598 279 1776 306 Wenczlaum
1790 301 1796 307 ,
1809 301 1813 306 .
1827 290 1865 307 re-

1352 336 1414 362 gem
1438 329 1562 361 Boemie‚
1586 330 1741 364 principem
1767 333 1795 358 et
1815 332 1864 358 fili-

1353 388 1398 404 uni
1423 381 1546 406 nostrum
1565 382 1744 414 carissimum,
1769 386 1866 417 utpote

1353 429 1553 456 benemeritum
1583 432 1726 466 condignis
1754 434 1866 467 premiis

1353 481 1867 516 premiandum,principatumWratis-

1354 532 1425 558 lavie
1445 535 1471 558 et
1492 532 1586 560 Slesie.
1606 542 1686 566 quem
1707 543 1723 560 a
1743 535 1821 561 nobis
1839 538 1867 562 et

1353 582 1470 616 imperio
1490 583 1606 610 illustris
1621 586 1757 617 quondam
1771 586 1867 612 Henri-

1353 642 1400 659 cus
1426 654 1431 659 .
1452 655 1458 660 .
1481 635 1535 660 dux
1555 635 1736 663 Wratislavie
1761 638 1866 671 recepit

1353 685 1381 711 in
1408 685 1517 711 feodum
1544 695 1650 712 necnon
1674 687 1766 713 onmia
1789 689 1868 714 feoda

1354 737 1869 766 vacanciaexniorteeiusdemHenrici

1353 788 1492 820 quondam
1521 789 1598 814 ducis
1625 789 1804 816 Wratislavie
1833 790 1869 816 ad

1355 848 1402 865 nos
1416 842 1444 865 et
1458 839 1604 872 imperium
1619 840 1793 874 pertinencia
1808 849 1869 866 cum

1355 890 1482 916 omnibus
1501 891 1557 916 suis
1577 891 1745 919 attinenciis,
1767 900 1870 925 posses-

1355 942 1487 973 sionibus,
1508 942 1746 969 iurisdictionibus
1763 945 1789 969 et
1805 942 1868 969 iuri-

1357 994 1406 1019 bus
1421 993 1563 1020 universis.
1578 1002 1750 1027 quocumque
1762 994 1870 1020 nomine

1355 1046 1527 1073 censeantur.
1547 1044 1621 1070 dictu
1642 1066 1667 1071 ..
1688 1044 1745 1078 regi
1759 1045 1870 1071 Boemie

1355 1098 1381 1121 et
1402 1095 1458 1121 suis
1478 1095 1624 1122 heredibus
1651 1096 1786 1123 habenda.
1811 1105 1869 1129 pos-

1355 1147 1470 1172 sidenda
1495 1156 1511 1172 u.
1535 1147 1614 1172 nobis
1638 1149 1665 1173 et
1691 1147 1808 1181 imperio
1833 1150 1871 1173 te-

1356 1198 1445 1224 nenda
1459 1198 1543 1224 titulo
1556 1198 1659 1225 feodali
1672 1199 1799 1225 duximus
1810 1208 1870 1225 con-

1359 1249 1481 1275 ferenda.
1520 1249 1617 1282 siquid
1637 1252 1730 1276 autem
1752 1250 1870 1277 diminu-

1358 1300 1446 1326 ciunis
1467 1300 1509 1326 vel
1529 1300 1695 1334 calumpnie,
1722 1302 1794 1334 quod
1819 1310 1871 1327 non

1358 1351 1584 1379 crediinus.ci1‘ca
1596 1352 1721 1385 predicta
1733 1353 1872 1381 cavillose,

1359 1403 1501 1429 maliciose
1522 1403 1564 1429 vel
1584 1403 1699 1429 subdole
1720 1407 1812 1437 posset
1826 1413 1871 1438 op<

1358 1454 1433 1487 poni.
1457 1454 1619 1487 supplemus
1643 1455 1675 1480 de
1700 1455 1872 1488 plenitudine

1357 1506 1432 1539 regie
1460 1505 1623 1532 maiestatis.
1672 1507 1700 1532 ln
1729 1506 1805 1532 cuius
1833 1507 1871 1532 rei

1358 1557 1548 1584 testiinonium
1591 1566 1701 1590 presens
1738 1558 1872 1591 scriptum

1357 1611 1449 1634 nostrv
1469 1609 1626 1635 maiestatis
1645 1609 1739 1639 sigillo
1760 1609 1873 1634 serimus

1357 1660 1526 1686 communiri.

1394 1711 1495 1737 Datum
1516 1711 1637 1737 Erfordie
1658 1711 1713 1736 ΠΗ
1732 1711 1774 1736 KI.
1794 1711 1873 1737 Octo-

1359 1763 1422 1791 bris.
1445 1763 1599 1789 indiccione
1620 1763 1666 1791 HI.
1681 1771 1751 1788 auno
1766 1762 1875 1788 Domini

1359 1815 1507 1840 millesimo
1528 1814 1717 1840 ducentesimo
1732 1814 1874 1846 nonagesi-

1359 1874 1410 1893 mo,
1438 1866 1514 1899 regni
1536 1875 1598 1891 vero
1618 1865 1704 1891 nostri
1723 1874 1795 1890 anno
1814 1873 1874 1898 sep-

1359 1917 1427 1943 timo
1449 1917 1563 1943 decimo.

1616 1994 1621 1999 .
1639 1993 1645 1999 .
1672 1968 1877 2009 prelatorum,

219 2076 320 2104 status
344 2073 482 2104 Romani
506 2074 597 2114 regni
622 2076 655 2103 et
680 2074 763 2103 sacri
788 2074 914 2114 imperii
938 2074 1050 2105 fideles
1075 2077 1106 2104 et
1130 2074 1282 2104 sollicitos
1307 2084 1362 2114 prc
1393 2073 1507 2103 ceteris
1538 2073 1682 2102 novimus
1711 2071 1876 2109 zelatores,

220 2125 390 2166 ipsumque
414 2135 548 2165 regnum
572 2125 706 2155 Boemie
727 2125 864 2156 Romani
889 2126 980 2166 regni
1005 2125 1182 2156 membrum
1208 2125 1276 2155 fore
1301 2124 1448 2159 nobilius,
1473 2122 1763 2164 supplicacionibus
1787 2121 1876 2151 beni-

222 2176 314 2217 gnius
342 2176 496 2216 inclinati,
527 2176 681 2217 prefatas¹
711 2176 834 2207 litteras
857 2186 893 2207 ae
919 2177 1025 2207 omnia
1055 2179 1086 2207 et
1116 2176 1240 2217 singula
1269 2176 1326 2206 iun·
1346 2175 1466 2206 eisdem
1498 2177 1675 2204 contenta¹¹¹
1699 2172 1876 2209 laudamus,

222 2227 426 2266 ratificamus,
451 2228 680 2268 approbamuS,
712 2228 936 2258 confirmamus
961 2231 993 2258 ct
1017 2227 1057 2258 de
1082 2238 1163 2258 novo
1189 2238 1229 2258 ex
1254 2230 1340 2258 certa
1365 2227 1502 2257 sciencia.
1531 2225 1570 2255 de
1601 2230 1707 2255 nostre
1731 2223 1876 2253 Romane

222 2279 310 2319 regie
335 2279 534 2320 plenitudine
569 2279 739 2319 potestatis
767 2280 900 2320 prefatis
928 2289 1039 2320 regne,
1068 2304 1074 2310 .
1099 2304 1104 2309 .
1135 2279 1276 2319 prelatis,
1305 2302 1312 2308 .
1335 2302 1340 2308 .
1372 2277 1515 2315 ducibus,
1545 2301 1550 2306 .
1573 2300 1579 2306 .
1608 2275 1812 2316 principibus,
1843 2298 1848 2304 .
1872 2298 1876 2303 .

221 2330 405 2368 baronibus,
424 2355 429 2360 .
445 2353 451 2360 .
470 2330 657 2371 proceribus
675 2334 708 2361 et
725 2330 885 2361 nobilibus
902 2341 939 2362 ac
956 2331 1155 2361 universitati
1173 2331 1261 2370 regni
1280 2330 1378 2370 ipsius
1395 2332 1425 2360 et
1442 2328 1709 2369 pertinenciarum
1734 2325 1879 2356 eiusdem

223 2382 264 2412 ad
286 2392 378 2412 usum
403 2385 435 2412 et
458 2392 537 2422 opus
563 2406 568 2412 .
588 2405 594 2411 .
620 2392 731 2422 regum
756 2382 890 2413 Boemie
915 2383 1152 2423 imperpetuum
1177 2381 1300 2420 damus,
1326 2385 1436 2412 tenore
1462 2379 1662 2420 presencium
1687 2377 1878 2408 conferimus

223 2436 255 2464 et
279 2432 444 2468 donamus
469 2442 595 2463 omnem
621 2432 869 2464 diminucionem
894 2437 926 2463 et
950 2433 1134 2471 deffectum,
1166 2433 1191 2462 si
1215 2433 1287 2472 quis
1312 2433 1342 2462 in
1367 2431 1528 2472 premissis
1553 2430 1662 2468 fuerit,
1692 2430 1878 2469 reparantes

224 2484 407 2515 omnimode
432 2487 464 2515 et
488 2484 674 2524 supplentes
698 2496 735 2515 ac
760 2495 854 2516 omne
879 2484 1011 2515 dubium
1036 2488 1068 2515 et
1092 2483 1261 2514 obscurum
1286 2494 1342 2524 pro
1366 2486 1457 2523 parte
1483 2486 1514 2513 et
1531 2483 1561 2511 in
1577 2482 1720 2512 favorem
1737 2481 1876 2520 ipsorum

224 2536 313 2576 regni
344 2539 375 2566 et
405 2559 436 2566 ..
464 2546 577 2576 regum
601 2536 736 2566 Boemie
768 2536 807 2567 de
836 2535 976 2566 uberiori
1006 2535 1089 2566 dono
1119 2535 1296 2565 maiestatis
1324 2534 1470 2564 Romane
1501 2534 1588 2573 regie
1618 2535 1649 2562 et
1679 2530 1876 2572 plenitudine

225 2587 396 2627 potestatis
420 2587 670 2627 interpretantes
696 2591 727 2617 ct
752 2588 854 2618 eciam
880 2587 1092 2624 declarantes,
1116 2596 1178 2616 non
1203 2585 1403 2616 obstantibus
1427 2584 1561 2625 legibue,
1587 2581 1877 2616 consuetudinilms,

224 2638 342 2676 usibus,
369 2638 596 2676 observanciis,
620 2637 740 2668 iuribus
764 2638 1009 2678 municipalibus
1033 2638 1085 2667 vel
1110 2637 1340 2675 communibus,
1366 2637 1491 2666 statutis
1515 2646 1570 2666 seu
1595 2634 1708 2665 edictis
1733 2634 1822 2664 factis
1846 2635 1878 2662 ct

1341 2747 1371 2775 ¹¹¹)
1391 2752 1458 2771 cunt.
1473 2747 1497 2770 in
1517 2747 1610 2770 eisdem
1632 2747 1687 2769 5134.
1707 2746 1764 2768 365.

328 2748 483 2774 563—565.
513 2748 538 2780 k>
558 2750 569 2773 I
588 2750 614 2774 in
633 2751 686 2774 loco
706 2758 765 2774 raso
786 2751 846 2773 563.
935 2748 952 2778 l)
974 2753 982 2772 t
1002 2749 1027 2772 in
1047 2749 1100 2772 loco
1120 2756 1180 2772 raso
1199 2750 1251 2772 565.
