2189 2984
336 206 396 235 3:32
802 203 898 229 ACTA
920 203 1031 229 REGNI
1052 203 1186 230 KAROLI
1207 203 1254 230 IV.
1293 204 1366 229 1347.
1403 203 1450 229 Nr.
1465 204 1523 230 277.

335 295 480 322 civitatem
505 294 643 320 eandem
667 301 766 327 capere
794 294 908 320 valeant
936 294 964 319 in
988 293 1091 320 iudicio
1122 302 1169 319 seu
1202 293 1326 319 dominio
1355 293 1546 327 quorumlibet
1572 294 1749 321 dominorum
1772 297 1800 322 et
1829 298 1926 330 captos
1957 297 1985 323 in

337 347 483 373 civitat-em
513 346 614 372 ducere
642 347 838 373 memoratam.
872 345 913 371 ita
940 345 1014 378 quod
1042 345 1076 371 de
1104 345 1208 370 talibus
1233 345 1322 378 captis
1351 347 1431 371 extra
1458 345 1603 372 civitatem
1627 346 1747 380 primum
1770 347 1901 374 iudicium
1927 349 1986 375 fieri

334 399 435 432 petunt
452 407 501 431 per
519 406 590 429 cum,
615 397 643 422 in
662 397 739 423 cuius
757 397 859 422 iudicio
884 396 959 430 capti
977 397 1050 424 sunt.
1075 396 1225 422 secundum
1244 397 1475 423 consuetudinem
1498 399 1564 423 ante
1582 398 1789 424 concessionem
1806 399 1872 424 talis
1894 399 1986 433 gratie

335 450 523 475 observatam.
571 448 622 480 Qui
639 449 662 474 si
679 448 707 474 in
724 448 898 475 exhibitione
922 447 1011 481 petite
1036 447 1147 473 iusticie
1171 456 1219 473 seu
1236 448 1340 474 iudicio
1364 449 1492 475 faciendo
1509 449 1654 482 negligens
1679 449 1764 476 fuerit
1780 451 1829 476 aut
1845 450 1985 482 remissus,

335 503 438 527 extunc
461 501 561 527 liceat
585 500 668 526 dictis
693 500 800 526 civibus
825 499 852 525 in
877 499 994 525 civitate
1018 508 1077 525 sua
1100 499 1160 525 sine
1184 499 1252 525 iuris
1276 499 1362 526 alieni
1386 500 1540 533 preiudicio
1563 500 1597 526 de
1624 500 1728 526 talibus
1757 501 1985 528 malefactoribus

334 553 414 578 iuxta
438 552 562 578 civitatis
580 551 713 577 iudicium
731 551 863 577 iudicare.
898 551 938 576 De
962 550 1015 575 hiis
1039 552 1142 582 autem,
1167 551 1215 583 qui
1245 551 1273 576 in
1294 551 1409 577 civitate
1430 551 1597 585 deprehensi
1621 552 1733 584 fuerint,
1757 553 1985 579 malefactoribus

335 604 453 630 iudicari
484 604 611 629 volumus
641 603 792 629 secundnm
824 602 948 628 civitatis
980 601 1111 628 iudicium
1141 602 1278 628 hactenus
1307 603 1494 629 observatum.
1555 598 1637 629 Item
1670 602 1705 629 ut
1734 604 1882 630 memorati
1913 604 1987 630 cives

335 655 457 681 inimicis
482 657 508 681 ct
533 654 702 680 adversariis
726 653 782 679 suis
806 653 936 679 resistere
954 653 1067 679 valeant
1092 655 1121 679 et
1144 655 1243 680 contra
1266 654 1341 688 ipsos
1362 654 1533 681 auctoritate
1557 657 1654 681 nostra
1678 651 1767 691 regia
1791 656 1943 682 efficaciter
1959 664 1987 682 se

334 709 484 735 defendere
516 710 547 733 et
571 707 642 733 tucri
673 715 722 740 per
745 708 840 732 nostre
864 705 1035 731 defensionis
1064 707 1092 732 et
1120 706 1219 732 auxilii
1247 706 1399 740 presidium
1424 707 1458 732 et
1486 706 1617 732 iuvamen
1647 708 1676 732 et
1705 708 1736 732 ut
1766 707 1843 740 pacis
1871 707 1986 733 comodo

337 759 480 793 gaudeant
500 757 625 791 pleniori.
651 756 798 785 adicimus,
823 756 895 788 quod
915 755 1066 789 sepedictis
1086 755 1193 782 civibus
1213 758 1308 782 contra
1327 765 1525 789 quoscumque,
1545 756 1592 789 qui
1613 757 1747 789 predones
1768 757 1810 782 vel
1831 757 1987 783 turbatores

336 810 458 843 ipsorum
477 810 512 835 ad
533 811 623 835 castra
643 817 692 833 suu,
712 809 764 834 vel
785 808 957 835 municiones
976 808 1183 842 receptaverint
1203 810 1232 835 et
1245 809 1278 835 de
1292 809 1344 835 hoc
1358 808 1478 835 convicti
1493 807 1604 836 fuerint.
1618 810 1700 842 prout
1713 808 1797 835 fuerit
1810 810 1986 842 oportunum,

337 862 360 887 si
380 871 421 888 res
441 861 509 894 ipsis
529 860 636 886 civibus
656 860 767 886 ablatas
792 861 904 887 reddere
929 860 1115 894 neglexerint,
1139 863 1287 894 postquam
1311 860 1439 893 requisiti
1463 861 1491 886 et
1514 859 1613 885 moniti
1631 859 1735 886 fuerint
1753 868 1835 893 super
1853 869 1893 891 eo,
1913 860 1986 886 idem

336 914 377 939 ius
398 915 554 945 competere¹
580 911 677 937 debet
697 914 725 937 et
744 911 831 943 actio,
859 920 912 944 que
935 911 1004 945 ipsis
1027 911 1060 937 de
1080 911 1138 937 iure
1162 912 1274 945 possit
1302 913 1457 945 competere
1477 913 1574 937 contra
1598 911 1755 937 turbatores
1778 911 1936 937 huiusmodi
1959 912 1987 937 et

334 964 474 998 predones.

441 1015 485 1048 (7)
499 1011 580 1040 Item
595 1014 783 1048 approbamus
797 1016 825 1041 et
838 1015 981 1041 observari
998 1015 1125 1041 volumus
1139 1003 1272 1041 civibus
1290 1015 1481 1041 antedictis
1494 1015 1634 1048 quoddam
1647 1015 1690 1040 ius
1701 1014 1986 1047 consuetudinarium,

334 1067 407 1099 quod
427 1066 593 1099 quicumque
609 1065 745 1091 dictorum
760 1065 860 1090 civium
876 1065 985 1091 domum
1007 1066 1049 1091 vel
1063 1065 1164 1093 domos,
1185 1074 1270 1095 areas,
1291 1067 1380 1098 prata,
1401 1064 1503 1093 vineas,
1523 1065 1620 1090 fundos
1640 1074 1686 1091 seu
1701 1065 1883 1098 possessiones
1897 1065 1986 1092 cultas

316 1117 376 1143 *vel
398 1117 517 1142 incultas
537 1125 587 1150 per
606 1125 708 1142 annum
729 1115 890 1142 continuum
910 1116 1004 1149 quiete
1029 1117 1057 1141 et
1076 1116 1134 1142 sine
1154 1115 1220 1141 iuris
1240 1115 1417 1149 impetitione
1437 1115 1602 1149 possederit,
1623 1115 1735 1142 inantea
1755 1125 1771 1142 a
1790 1116 1866 1142 nullo
1886 1117 1987 1143 debeat

334 1168 376 1194 vel
397 1168 490 1193 valeat
511 1166 678 1200 impugnari,
698 1167 718 1192 si
741 1175 880 1200 possessor
898 1166 958 1200 ipse
977 1166 1063 1192 tercia
1082 1175 1131 1192 sua
1150 1175 1233 1192 manu
1252 1166 1438 1200 prescriptam
1457 1167 1604 1193 annualem
1624 1167 1822 1200 possessionem
1841 1167 1986 1201 pacificam

332 1218 493 1252 probaverit
512 1227 545 1243 ac
564 1217 696 1250 quietam.

441 1267 485 1304 (8)
510 1266 593 1296 Item
619 1272 649 1296 ut
674 1270 826 1296 antedictis
851 1270 958 1296 civibus
983 1270 1070 1296 veluti
1094 1269 1205 1303 imperii
1229 1270 1418 1296 devotissimis
1435 1272 1530 1297 nostre
1547 1270 1722 1297 celsitudinis
1737 1271 1877 1304 gratiosos
1895 1272 1985 1297 osten-

332 1323 430 1348 damus
449 1322 564 1348 affectus
589 1322 623 1347 ad
648 1321 738 1347 instar
761 1321 823 1347 dive
848 1321 1051 1348 recordationis
1066 1319 1412 1356 He111·icinoman(01·um)
1436 1317 1636 1356 imperatorisl

1639 1343 1644 1353 ,
1671 1322 1875 1356 predecessoris
1898 1323 1988 1348 nostri

332 1373 505 1407 predicti,
542 1375 571 1399 ut
596 1373 741 1407 ungeltum
766 1376 902 1407 perpetuo
926 1374 1091 1399 duraturum
1116 1373 1149 1400 de
1173 1373 1310 1399 universis
1334 1373 1523 1400 mercimoniis
1547 1373 1635 1405 siccis,
1660 1373 1733 1405 vino,
1757 1382 1838 1407 pane,
1862 1374 1989 1405 medone,

335 1424 419 1449 blado
441 1433 472 1449 ac
492 1424 554 1449 aliis
568 1423 738 1449 victualibus
752 1423 947 1456 cuiuscumque
961 1424 1077 1457 generis,
1097 1424 1194 1449 sivein
1215 1433 1309 1457 grosso
1323 1425 1367 1450 vel
1386 1424 1493 1450 minuto
1512 1426 1561 1450 aut
1580 1432 1707 1450 mensura
1730 1424 1891 1455 vendantur,
1911 1424 1987 1450 insti·

332 1478 423 1503 tuere,
449 1476 590 1509 imponere
613 1484 660 1501 seu
681 1475 824 1508 colligere,
850 1478 933 1509 prout
956 1475 1081 1502 civitatis
1101 1484 1148 1501 sue
1168 1476 1293 1509 exposcit
1313 1475 1435 1507 utilitas,
1461 1475 1573 1502 valeant
1597 1477 1645 1501 aut
1664 1475 1825 1501 necessitati
1844 1475 1988 1501 incumbat

333 1526 455 1552 eiusdem
476 1528 512 1557 et,
538 1535 597 1552 cum
628 1529 656 1552 ct
675 1526 784 1558 quando
810 1526 879 1560 ipsis
907 1527 1046 1560 placuerit
1069 1528 1097 1552 et
1121 1526 1250 1560 expedire
1276 1526 1427 1556 videbitur,
1448 1527 1608 1559 dictumque
1633 1527 1778 1560 ungeltum
1800 1535 1941 1553 removere
1960 1529 1988 1553 et

336 1579 436 1605 tollere
463 1579 502 1604 eis
526 1580 623 1604 tenore
647 1579 823 1612 presencium
847 1575 1037 1605 auctoritate
1068 1575 1157 1615 regia
1188 1579 1344 1605 liberaliter
1371 1580 1559 1613 indulgemus,
1588 1579 1657 1613 ipsis
1687 1588 1770 1613 super
1795 1580 1848 1606 hoc
1876 1580 1987 1613 plenam

333 1630 519 1656 concedentes
544 1632 569 1656 et
596 1630 785 1656 omnimodam
808 1632 994 1664 potestatem,
1019 1631 1186 1657 mandantes
1215 1632 1243 1656 et
1267 1631 1457 1657 *auctoritate
1479 1631 1618 1664 prefata
1642 1631 1790 1657 firmiter
1816 1631 1985 1663 inhibentes,

332 1691 366 1708 ne
393 1682 455 1715 quis
480 1681 657 1715 sepes-atis
686 1681 793 1708 civibus
817 1682 846 1707 in
870 1682 1051 1708 institutione
1079 1691 1126 1708 seu
1155 1682 1335 1715 perceptione
1363 1682 1473 1716 ungelti
1501 1683 1620 1716 predicti
1643 1678 1907 1718 impedimentum
1930 1689 1987 1709 Seu

334 1733 510 1759 obstaculum
535 1733 645 1765 aliquot
669 1728 746 1759 (lare
770 1739 827 1759 seu
851 1733 975 1767 irrogare
1000 1735 1151 1767 presumat,
1176 1733 1248 1759 sicut
1271 1733 1497 1767 indignacionem
1521 1735 1646 1760 nostram
1672 1734 1793 1760 voluerit
1816 1734 1931 1760 evitare.

442 1782 487 1818 (9)
513 1783 549 1809 Et
573 1784 706 1817 quoniam
731 1785 853 1810 cuiusvis
870 1785 995 1811 turbatio
1016 1785 1195 1818 tempestatis
1212 1794 1228 1810 a
1245 1785 1316 1810 sacri
1332 1784 1483 1811 devotione
1500 1785 1610 1818 imperii
1627 1785 1704 1811 nullo
1721 1793 1844 1818 unquam
1861 1786 1987 1818 tempore

332 1836 460 1870 prefatos
485 1836 560 1861 cives
583 1836 720 1867 seiunxit,
744 1836 865 1869 gratiam
890 1837 990 1870 gratiis
1015 1837 1190 1862 cumulantes
1215 1836 1350 1862 adicimus
1378 1838 1407 1862 et
1430 1836 1483 1862 hoc
1506 1832 1607 1872 regali
1632 1836 1723 1863 edicto
1747 1838 1882 1870 perpetue
1907 1836 1986 1862 dura-

290 1908 296 1915 .
333 1890 396 1913 turo
415 1883 593 1921 statuimus,
619 1889 650 1913 ut
673 1887 766 1913 nullus
791 1887 922 1921 deinceps
946 1888 999 1914 nisi
1017 1888 1084 1914 civis
1102 1888 1227 1914 civitatis
1251 1887 1384 1921 predicte,
1409 1887 1457 1920 qui
1474 1896 1535 1913 cum
1552 1887 1621 1921 ipsis
1638 1888 1744 1914 civibus
1762 1896 1847 1914 onera
1864 1887 1987 1913 civitatis

333 1939 490 1964 ciusdem
515 1938 626 1969 subeat,
659 1939 753 1964 vinum
782 1939 882 1971 quovis
906 1939 1017 1972 quesite
1042 1940 1134 1965 colore
1164 1939 1314 1972 propinare
1346 1941 1498 1972 presumat.
1547 1939 1575 1965 Si
1603 1939 1665 1972 quis
1688 1940 1782 1965 autem
1811 1939 1863 1965 hoc
1890 1940 1989 1965 contra

334 1992 493 2023 presentem
518 1992 642 2015 nostram
666 1989 865 2016 inhibitionem
889 1992 1060 2024 attemptare
1078 1990 1289 2024 presumpserit,
1307 1990 1425 2024 prefatis
1442 1990 1549 2016 civibus
1567 1990 1619 2016 sibi
1639 1991 1692 2016 hoc
1708 1990 1855 2016 inhibendi
1874 1990 1986 2024 plenam

333 2041 431 2067 damus
456 2043 553 2067 tenore
578 2041 752 2074 presencium
777 2043 958 2075 potestatem.

447 2090 513 2125 (10)
538 2087 620 2118 Item
645 2092 680 2118 ad
704 2093 793 2118 instar
817 2093 879 2119 dive
903 2093 1036 2119 memorie
1060 2093 1202 2126 quondam
1220 2092 1360 2119 Chonradi
1384 2093 1411 2118 in
1436 2101 1529 2126 regem
1548 2090 1762 2127 Roman(orum)
1788 2087 1891 2118 electi2
1914 2092 1986 2117 hanc

334 2143 487 2177 sepedictis
523 2144 629 2169 civibus
659 2144 789 2170 duximus
817 2144 938 2177 gratiam
969 2144 1190 2176 concedendam,
1226 2145 1257 2170 ut
1285 2146 1343 2170 tam
1372 2144 1533 2177 spirituales
1562 2152 1645 2176 quam
1673 2143 1811 2170 seculares
1839 2148 1985 2179 persone,

335 2194 530 2227 cuiuscumque
551 2194 721 2220 condicionis
749 2195 882 2225 existant,
908 2203 1040 2220 necnon
1067 2194 1143 2220 ludei
1169 2203 1276 2220 camere
1299 2195 1390 2220 nostre
1413 2193 1484 2220 servi
1508 2193 1612 2220 dictam
1632 2194 1775 2220 civitatem
1795 2192 1986 2219 inhabitantes

336 2247 452 2275 statuta,
473 2254 526 2277 que
546 2254 594 2278 per
614 2245 688 2278 ipsos
708 2245 782 2272 cives
802 2255 851 2280 pro
872 2246 1006 2273 custodia,
1026 2245 1182 2272 municione
1202 2246 1244 2272 vel
1265 2246 1413 2279 capitaneo
1433 2245 1557 2271 civitatis
1577 2245 1685 2278 prefate
1704 2245 1780 2270 facta
1798 2244 1912 2275 fuerint,
1932 2252 1987 2270 una

2006 763 2031 781 10

2006 1019 2029 1037 15

2005 1275 2030 1293 20

2006 1531 2030 1550 25

2007 1789 2031 1806 30

2006 2044 2030 2062 35

336 2305 397 2321 cum
419 2296 485 2329 ipsis
505 2296 611 2321 civibus
626 2297 785 2322 custodiant
805 2299 832 2323 et
846 2298 1000 2325 observent,
1021 2297 1204 2330 presertim
1225 2306 1285 2323 cum
1300 2297 1348 2328 hii,
1367 2297 1415 2330 qui
1433 2306 1494 2323 cum
1514 2297 1577 2322 aliis
1590 2296 1708 2323 similem
1723 2297 1809 2322 vitam
1823 2295 1985 2329 suscipiunt,
1996 2300 2021 2318 40

336 2347 453 2372 similem
474 2347 615 2372 sentiant
636 2347 662 2372 in
679 2347 787 2381 legibus
806 2348 993 2381 disciplinam.

444 2400 508 2430 (11)
534 2395 613 2424 Itoni
639 2408 672 2425 ex
698 2409 774 2426 mera
798 2403 826 2426 et
849 2396 974 2427 liberali
999 2401 1204 2434 quodammodo
1227 2401 1339 2434 gratia*
1356 2400 1552 2434 approbamus,
1577 2395 1768 2425 ratificamus
1793 2401 1821 2425 et
1844 2400 1986 2425 confirma-

338 2459 398 2476 mus
425 2459 519 2475 omnes
554 2450 585 2476 ot
619 2447 759 2486 singulas
787 2452 860 2478 dicte
886 2452 1010 2478 civitatis
1035 2454 1063 2478 et
1087 2453 1188 2478 civium
1213 2451 1374 2477 observatas
1400 2453 1428 2476 et
1451 2452 1581 2483 optentas
1603 2449 1828 2478 consuetudines,
1857 2458 1925 2482 quas
1951 2449 1986 2475 ab

335 2500 449 2533 antiquo
478 2509 524 2526 seu
545 2510 560 2527 a
574 2503 705 2533 tempore,
725 2501 802 2527 cuius
819 2499 967 2528 contrarii
988 2511 1041 2528 non
1067 2504 1108 2528 est
1126 2503 1270 2529 memoria.
1290 2502 1317 2527 in
1338 2501 1440 2528 iudicio
1460 2510 1506 2527 seu
1526 2503 1603 2527 extra
1622 2501 1755 2527 iudicium
1776 2509 1824 2534 pro
1843 2501 1904 2534 lege
1923 2500 1986 2526 hac-

336 2554 416 2578 tenus
436 2551 624 2577 observarunt.

445 2604 510 2636 (12¹)
526 2599 606 2629 Item
620 2609 690 2629 Qum
701 2603 866 2635 ampli-aiunl
878 2603 948 2629 libe
958 2605 1025 2629 rtat
1035 2613 1049 2629 u
1058 2613 1082 2628 m
1095 2604 1235 2629 favoribus
1246 2603 1308 2629 illos
1318 2605 1420 2629 nostra
1432 2603 1589 2629 clementia
1601 2603 1755 2629 conveniat
1766 2603 1956 2636 circumplecti
1965 2603 1985 2630 ³¹².

337 2654 384 2686 qni
407 2653 536 2679 claritate
556 2653 617 2678 fidei
637 2662 669 2678 ac
690 2653 782 2679 debite
801 2654 956 2679 devotionis
971 2655 1146 2680 constantia*
1161 2655 1277 2688 imperio
1291 2654 1459 2680 adheserunt
1473 2655 1607 2680 hactenus
1626 2656 1654 2680 et
1667 2654 1777 2680 adhuc*
1791 2662 1845 2679 non
1859 2653 1987 2680 desinunt

337 2705 399 2730 adh
408 2714 440 2731 er
448 2714 460 2730 e
468 2714 510 2736 re,
521 2707 550 2731 ut
560 2706 571 2718 *
585 2714 632 2738 pre
646 2705 744 2731 ceteris
755 2705 935 2732 liberalitatis
947 2709 1036 2733 nostre
1048 2715 1161 2732 munera
1172 2715 1189 2739 p
1197 2706 1263 2732 orci
1272 2706 1366 2739 piant
1376 2706 1518 2740 gratiora.
1531 2706 1659 2732 universa
1669 2708 1697 2732 et
1707 2705 1818 2739 singula
1829 2705 1986 2738 privilegia,

444 2809 467 2839 1)
499 2807 538 2839 Cf.
554 2807 670 2837 Bolmzrr,
692 2807 822 2839 ‘queslcn
843 2810 1016 2834 1246—1313‘
1033 2816 1058 2840 p.
1073 2812 1118 2834 27.)
1137 2816 1178 2834 σιν.
1192 2811 1245 2834 231.
1333 2809 1359 2835 2)
1382 2808 1422 2839 Cf.
1438 2808 1498 2840 Rey.
1514 2808 1575 2840 intp.
1588 2807 1613 2833 V
1627 2815 1669 2833 nr.
1683 2811 1752 2834 4531.

2005 2555 2029 2573 ⁴5
