2189 2984
710 145 805 172 ACTA
826 145 937 171 REGNI
959 145 1093 171 KAROLI
1115 146 1160 171 IV.
1200 146 1272 172 1346.
1311 147 1358 172 Nr.
1372 148 1395 173 4.
1550 176 1552 178 ,
1856 156 1867 160 ”

1854 166 1871 182 ι)

231 236 348 264 extunc
373 233 492 263 irritum
519 235 551 262 et
574 233 683 269 inane,
714 233 739 262 si
764 242 854 262 secus
878 241 974 272 super
997 231 1057 261 hiis
1081 242 1138 272 per
1162 243 1366 273 quoscunque
1392 235 1502 274 quavis
1526 236 1714 265 auctoritate
1739 237 1875 267 scienter

230 284 281 314 vel
313 285 497 324 ignoranter
531 284 730 323 contingeret
765 284 957 323 attemptari.
1019 282 1227 313 Postmodum
1263 294 1338 313 vero
1375 285 1510 315 ecclesia
1542 285 1728 326 Maguntina
1762 299 1800 317 ex
1834 298 1870 318 eo

230 339 373 371 vacante,
399 335 483 376 quod
507 345 563 365 nos
580 334 754 365 Henrieum
779 335 854 364 olim
878 334 1154 374 archiepiscopum
1172 334 1393 374 Maguntinum
1412 337 1612 376 exigentibus
1629 339 1692 367 suis
1710 338 1873 369 demeritis

230 387 270 417 dc
299 387 431 417 fratrum
460 390 637 417 nostrorum
667 385 797 416 consilio
831 386 914 416 omni
944 385 1079 420 honore.
1111 389 1285 425 potestate7
1319 386 1474 427 dignitate
1507 398 1542 417 ac
1572 388 1671 418 offitio
1701 390 1871 429 pontificali

199 448 209 466 5
229 439 434 479 privavimus,
466 449 522 468 nos
552 437 803 474 considerantes,
833 437 917 477 quod
947 437 1051 467 nullus
1080 437 1118 467 de
1143 437 1211 477 ipsa
1235 437 1421 477 Maguntina
1445 438 1581 469 ecclesia
1606 444 1712 480 preter
1734 451 1791 470 nos
1815 441 1872 470 hae

229 490 296 520 vice
315 489 484 530 disponere
503 493 618 530 potest,
643 490 859 519 reservatione
885 493 915 519 et
939 488 1068 519 decreto
1086 488 1311 518 obsistentibus
1329 489 1526 529 supradictis5
1551 501 1587 521 ae
1604 491 1644 521 ad
1663 493 1872 531 provisionem

228 541 327 582 ipsius
352 541 486 571 ecclesie
512 541 650 571 celerem
677 544 708 570 et
733 539 869 578 felicem,
894 551 931 570 ne
950 539 1124 580 dampnose
1142 540 1316 570 vacationis
1333 541 1511 571 subiaceret
1525 542 1710 581 incomodis7
1735 545 1874 583 paternis

233 596 264 623 et
288 593 417 622 solicitis
442 592 553 622 studiis
578 591 789 625 intendentes.
814 596 885 632 post
909 591 1183 627 deliberationem,
1210 602 1303 632 quam
1329 591 1369 622 de
1394 592 1586 632 preficiendo
1611 593 1715 624 cidem
1739 595 1872 625 ecclesie

230 654 397 684 personam
426 644 537 674 utilem
574 648 605 673 et
638 643 732 673 etiam
768 643 974 679 fructuosam,
1006 653 1067 683 que
1096 643 1204 675 sciret.
1234 643 1332 673 vellet
1360 648 1391 673 ct
1415 647 1522 683 posset
1546 644 1681 674 eandem
1707 646 1872 676 ecclesiam

188 708 211 725 10
230 695 351 726 utiliter
382 706 493 736 regere
531 699 563 725 et
596 694 730 725 feliciter
764 694 960 734 gubernare,
996 705 1065 724 cum
1102 694 1221 724 eisdem
1258 695 1372 724 nostris
1408 694 1555 725 fratribus
1589 695 1769 731 habuimus.
1804 697 1873 727 dili-

231 755 360 787 gentem
440 747 565 777 demum
599 746 639 776 ad
669 750 700 776 te
730 746 885 776 decanum
915 745 1057 776 eiusdem
1093 746 1228 776 ecclesie
1263 746 1293 775 in
1318 746 1490 776 minoribus
1519 746 1685 777 dumtaxat
1713 748 1874 779 ordinibus

230 799 445 837 constitutum7
471 799 519 828 cui
545 797 720 828 litterarum
746 798 887 833 scientia,
912 798 976 827 vite
1000 797 1164 835 munditia.
1190 808 1313 827 morum
1331 797 1480 827 honestas
1504 802 1536 827 et
1559 798 1690 829 aliarum
1708 800 1873 839 grandium

230 851 380 880 virtutum
409 850 539 885 merita,
574 852 667 888 prout
701 860 740 879 ex
774 848 963 878 testimoniis
994 847 1163 887 fidedignis
1196 848 1391 888 accepimus.
1421 849 1624 880 laudabiliter
1651 851 1873 891 suffragantur.

231 901 404 931 direximus
421 902 522 931 aciem
541 908 646 930 nostre
665 900 788 932 mentis.
828 899 949 935 Quibus
974 899 1081 929 debita
1105 899 1313 930 meditatione
1335 902 1474 940 pensatis
1499 901 1538 931 de
1563 913 1697 942 persona
1715 907 1768 932 tua
1785 903 1874 933 nobis

188 965 211 984 ιε,
231 958 264 983 et
287 952 407 983 eisdem
433 952 583 982 fratribus
609 952 648 981 ob
673 951 854 982 huiusmodi
878 954 1002 981 tuorum
1028 951 1222 991 exigentiam
1249 952 1434 982 meritorum
1452 957 1584 993 accepta
1601 954 1723 993 prefate
1741 954 1873 995 Mag-un-

231 1005 296 1035 tine
320 1004 455 1034 ecclesie
482 1004 521 1034 de
548 1003 702 1034 dictorum
729 1003 860 1033 fratrum
891 1003 1022 1032 consilio
1053 1004 1242 1033 auctoritate
1272 1004 1447 1043 apostolica
1481 1004 1684 1045 providemus
1712 1009 1806 1046 teque
1831 1006 1873 1036 illi

231 1056 261 1086 in
286 1056 561 1096 archiepiscopum
587 1056 785 1096 preficimusu
817 1059 848 1085 et
877 1061 1049 1095 pastorem.
1083 1065 1189 1084 curam
1219 1058 1251 1084 et
1279 1055 1585 1086 administrationem
1617 1057 1712 1097 ipsius
1743 1057 1874 1087 ecclesie

231 1107 287 1137 tibi
312 1112 375 1137 tam
408 1108 437 1137 in
468 1106 683 1147 spiritualibus
713 1117 805 1146 quam
831 1107 861 1136 iu
887 1105 1116 1146 temporalibus
1142 1106 1283 1146 plenarie
1308 1107 1550 1145 committendo,
1582 1109 1611 1138 in
1643 1108 1710 1145 illo,
1741 1109 1792 1149 qui
1822 1108 1875 1139 dat

230 1160 349 1200 gratias
374 1163 405 1189 et
430 1159 563 1199 largitur
587 1159 718 1198 premia.
744 1157 950 1189 confidentes.
975 1157 1059 1198 quod
1077 1157 1202 1198 prefata
1220 1158 1404 1197 Magimtina
1423 1159 1557 1189 ecclesia
1581 1170 1637 1199 per
1655 1164 1706 1189 tue
1725 1160 1874 1190 industrie

187 1222 212 1240 20
231 1214 263 1241 et
294 1211 572 1251 circunspectionis
600 1210 793 1240 fructuosum
824 1209 960 1239 studium
991 1214 1119 1249 regetur
1147 1209 1266 1239 utiliter
1296 1213 1327 1239 et
1356 1221 1506 1251 prospere
1538 1211 1692 1251 dirigetur
1721 1216 1875 1252 grataque

232 1263 261 1292 in
295 1262 416 1292 eisdem
445 1261 660 1302 spiritualibus
690 1264 721 1290 et
749 1260 977 1301 temporalibus
1005 1266 1134 1291 anctore
1163 1260 1300 1291 Domino
1331 1263 1481 1302 suscipiet
1511 1263 1715 1293 incrementa.
1763 1264 1874 1304 Iugum

233 1315 341 1354 itaque
368 1313 496 1344 Domini
522 1314 582 1343 tuis
607 1314 788 1353 impositum
816 1313 954 1342 humeris
979 1318 1124 1352 prompta
1143 1312 1312 1342 devotione
1337 1314 1512 1353 suscipiens
1537 1321 1567 1343 et
1585 1315 1671 1344 suavi
1697 1315 1764 1344 cius
1789 1317 1874 1345 oneri

231 1365 313 1395 colla
338 1365 494 1395 subiciens
518 1371 703 1395 reverenter
720 1375 826 1394 curam
852 1369 882 1394 et
900 1363 1205 1394 administrationem
1230 1364 1389 1404 predictas
1413 1366 1456 1395 sic
1474 1376 1624 1395 exercere
1650 1366 1777 1396 studeas
1802 1367 1874 1396 soli-

232 1417 308 1454 cito,
337 1416 475 1447 fideliter
499 1422 529 1446 et
554 1416 738 1457 prudenter.
768 1415 851 1456 quod
878 1417 943 1456 ipsa
970 1416 1156 1455 Maguntina
1182 1416 1316 1446 eeclesia
1341 1417 1545 1455 gubernatori
1577 1417 1707 1457 provido
1738 1422 1768 1448 et
1792 1419 1872 1448 fruc-

188 1480 212 1498 25
233 1473 324 1499 tuoso
349 1469 596 1500 administratori
621 1469 760 1509 gaudeat
789 1482 821 1499 se
851 1470 1051 1499 commissam
1082 1474 1178 1509 tuque
1207 1474 1314 1509 preter
1344 1469 1558 1498 retributionis
1587 1472 1694 1499 eterne
1720 1470 1873 1509 premium

234 1525 372 1551 nostram
399 1526 430 1551 et
455 1521 629 1561 apostolice
654 1520 739 1550 sedis
765 1521 1019 1550 lwnedietionem
1044 1525 1075 1550 et
1099 1521 1238 1559 graciam
1265 1521 1393 1550 uberius
1417 1521 1566 1560 eonsequi
1593 1522 1752 1550 merearis.

340 1572 457 1603 Datum
484 1574 637 1603 ,xvinione
665 1573 734 1603 Vll.
754 1573 828 1603 Idus
853 1573 981 1613 Aprilis.
1007 1584 1088 1602 anno
1113 1580 1235 1612 quarto,

342 1650 378 1680 ln
405 1650 562 1680 eundem
589 1650 733 1680 modum
760 1650 884 1680 dilectis
909 1650 980 1679 filiis
1005 1649 1143 1690 capitulo
1169 1650 1303 1679 ecclesie
1329 1649 1513 1689 Magantine
1538 1650 1683 1679 salutem.
1731 1649 1875 1679 Romana

232 1702 367 1732 ecclesia
398 1706 466 1733 etc.
496 1714 614 1743 usque
648 1703 797 1743 suscipiet
828 1703 1032 1732 incrementa.
1086 1703 1242 1737 Quocirca
1271 1701 1451 1731 discretioni
1482 1705 1584 1730 vestrt.
1616 1712 1672 1740 per
1701 1701 1875 1741 apostoliea

189 1767 213 1786 30
233 1754 349 1793 scripta
374 1754 573 1786 mandamus.
599 1762 755 1795 quatenus
780 1754 882 1784 eidem
909 1754 1012 1784 eleeto
1034 1758 1185 1793 tanquam
1212 1754 1292 1794 patri
1318 1758 1349 1783 et
1373 1753 1490 1793 pastori
1509 1754 1683 1782 animarum
1701 1756 1875 1782 vestrarum

232 1804 394 1835 humiliter
419 1806 620 1836 intendentes
650 1818 685 1836 ae
710 1805 899 1835 exhibentes
924 1806 951 1835 ei
978 1805 1191 1835 obedientiam
1218 1809 1249 1834 et
1274 1805 1482 1834 reverentiam
1507 1803 1646 1833 debitam
1672 1807 1703 1834 et
1727 1804 1873 1833 devotam

233 1857 300 1886 eius
324 1856 462 1887 salubria
487 1858 606 1887 monita
633 1862 663 1887 et
688 1857 839 1887 mandata
863 1858 1043 1897 suscipiatis
1068 1856 1182 1886 devote
1207 1867 1242 1886 ac
1268 1856 1441 1886 efficaciter
1465 1855 1640 1895 adimplere
1669 1856 1800 1889 curetis,
1833 1855 1875 1883 ita.

233 1907 317 1948 quod
353 1915 460 1938 mutuo
492 1909 573 1938 inter
602 1919 655 1937 vos
688 1912 719 1937 et
748 1910 850 1949 ipsum
882 1908 1046 1948 spirituale
1072 1909 1170 1948 possit
1200 1907 1385 1937 habundare
1414 1907 1564 1947 gaudium
1596 1910 1627 1936 et
1658 1906 1874 1947 prosperitatis

233 1964 342 1999 optate
367 1971 557 2000 consurgere
584 1961 823 1990 increimaitum.
864 1960 1014 2000 Alioquin
1039 1961 1238 1993 sententiam,
1265 1970 1358 2000 quam
1384 1958 1467 1988 idem
1494 1958 1613 1988 electus
1638 1959 1695 1987 rite
1715 1958 1822 1987 tulerit
1846 1958 1874 1986 in

187 2027 213 2046 ³5
232 2011 383 2043 rebelles,
414 2016 513 2041 ratam
546 2012 735 2042 habebimus
764 2017 795 2041 et
820 2012 973 2041 faciemus
998 2016 1127 2041 auctore
1153 2011 1289 2041 Domino
1321 2021 1419 2051 usque
1445 2010 1505 2040 adh
1529 2010 1776 2040 satisfactionem
1801 2019 1874 2038 eon-

233 2062 361 2103 dignam
387 2063 614 2093 inviolabiliter
638 2063 807 2093 ‹rnlvscl-vari.
854 2063 972 2093 Datum
998 2068 1036 2093 ut
1060 2074 1178 2103 snpra.

340 2114 379 2144 In
409 2115 565 2145 eundem
599 2115 746 2145 modum
780 2115 904 2145 dilectis
932 2115 1004 2144 tiliis
1031 2115 1116 2144 clero
1147 2115 1283 2144 civitatis
1308 2118 1339 2143 et
1364 2114 1498 2144 diocesis
1522 2113 1706 2153 Maguntine
1731 2112 1874 2142 salutem.

247 2165 380 2195 -tomana
411 2166 547 2196 eeclesia
576 2172 644 2196 etc.
678 2177 798 2207 nsque
830 2167 980 2206 suscipiet
1016 2167 1220 2196 incrementa.
1282 2166 1437 2200 Quocirca
1472 2164 1652 2194 discretioni
1681 2168 1785 2193 vestre
1820 2174 1876 2203 per

232 2217 407 2256 apostolica,
432 2219 548 2258 scripta
572 2218 770 2255 mandamns.
797 2226 953 2259 quatenns
970 2218 1075 2248 eidem
1101 2218 1203 2248 electo
1222 2222 1372 2257 tanquam
1398 2217 1479 2256 patri
1504 2221 1535 2246 et
1559 2217 1675 2256 pastori
1701 2216 1874 2245 animarum

190 2285 214 2302 μ,
234 2272 407 2298 vestrarum
427 2269 588 2300 humiliter
605 2270 808 2300 intendentes
832 2280 868 2300 ac
893 2269 1081 2300 exhibentes
1106 2270 1134 2299 ei
1153 2269 1366 2299 obedientiam
1393 2276 1423 2298 et
1445 2269 1654 2298 reverentiam
1680 2267 1818 2297 debitam
1845 2272 1875 2296 et

233 2319 382 2350 devotam
418 2322 485 2351 eius
521 2321 657 2351 salubria
691 2323 809 2351 monita
845 2325 877 2351 et
909 2321 1059 2351 mand-eta
1088 2321 1265 2360 suscipiatis
1296 2320 1410 2350 devote
1440 2324 1471 2349 et
1500 2320 1671 2349 efficaciter
1700 2319 1874 2358 adimplere

233 2372 367 2406 curetis,
405 2373 448 2402 ita
483 2373 567 2413 quod
601 2379 709 2403 mutuo
739 2374 820 2403 inter
847 2384 902 2402 vos
933 2377 964 2402 et
994 2374 1096 2412 ipsum
1125 2372 1289 2412 spirituale
1322 2372 1418 2412 possit
1450 2371 1635 2401 habundare
1665 2371 1813 2408 gaudium
1845 2374 1875 2399 et

233 2424 454 2463 prosperitatis
479 2428 587 2464 optate
613 2435 799 2463 consurg-ert
835 2425 1073 2454 inca-muontiun.
1120 2424 1269 2464 Alioquin
1299 2424 1488 2453 sentent-iam
1518 2433 1611 2462 quam
1642 2423 1724 2452 idem
1756 2422 1874 2451 electus

233 2474 291 2504 rite
317 2474 424 2505 tulerit
448 2476 478 2505 in
507 2475 643 2506 rebelles
676 2483 776 2506 ratam
808 2476 995 2506 habebimus
1024 2480 1056 2506 et
1084 2477 1236 2506 faciemus
1265 2480 1392 2505 auctore
1418 2475 1554 2505 Domino
1589 2485 1687 2514 usque
1717 2474 1756 2504 ad
1785 2475 1872 2503 satis-

188 2545 213 2562 45,
234 2524 406 2556 factionem
432 2527 621 2567 condignam
646 2528 871 2558 inviolabiliter
896 2527 1066 2557 observari.
1113 2527 1230 2557 Datum
1255 2530 1293 2556 ut
1316 2537 1437 2566 supra.

340 2577 382 2606 In
407 2578 568 2608 eundem
593 2579 739 2609 modum
765 2579 888 2609 dilectis
912 2578 983 2608 tiliis
1008 2578 1125 2618 populo
1151 2579 1286 2608 civitatis
1311 2586 1342 2607 et
1367 2578 1500 2607 diocesis
1521 2576 1705 2616 Maguntine
1730 2577 1873 2605 salntem.

234 2627 380 2658 Romana
415 2629 551 2659 eeclesia
583 2634 648 2660 etc.
682 2641 798 2671 nsque
830 2631 979 2670 suscipiet
1014 2631 1217 2660 incrementa.
1277 2630 1431 2664 Quocirca
1464 2629 1699 2658 universitatem
1739 2632 1872 2656 vestram

234 2689 383 2719 rogamus
408 2685 439 2710 ct
463 2681 627 2711 hortamur
651 2686 771 2712 attente
797 2693 853 2722 per
877 2682 1052 2722 apostolica
1077 2681 1166 2710 vobis
1190 2682 1305 2720 scripta
1330 2680 1530 2711 mandantes,
1560 2684 1714 2719 qnatenus
1739 2678 1874 2708 eundem

337 2764 363 2789 4.
393 2769 415 2790 a,
437 2767 498 2797 pres.
518 2767 542 2790 in
563 2767 629 2790 arch.
651 2767 706 2791 Itl'.
796 2767 819 2791 ὓ)
839 2768 904 2792 deest
927 2768 981 2790 Ita.
