2189 2984
678 135 773 162 ACTA
794 134 906 161 REGNI
927 135 1062 161 KAROLI
1084 135 1128 161 lv.
1168 137 1241 162 1:345.
1279 137 1325 162 Nr.
1340 138 1398 164 333.
1802 144 1863 173 567

317 284 401 319 558.
445 284 667 326 Confirmatio
691 284 868 328 pririleslii
895 284 1069 318 Friclcrice'
1095 283 1150 319 II.
1182 285 1402 328 inepcratoris
1432 288 1560 324 (⁴1:²16.
1590 289 1760 330 111106.)

600 349 640 382 dc
670 348 825 382 electione
857 348 1048 383 H'cncrslai
1066 348 1096 382 I.
1126 349 1222 389 restis.
1250 369 1301 372 —
1329 351 1418 394 Apr.
1444 353 1474 385 7.

321 429 481 470 Origlinale
499 432 568 468 (or.)
587 430 621 460 'in
642 430 766 460 archivo
791 429 1021 461 Vindobomnsi
1037 430 1186 460 ‘Bo'lmnen
1211 441 1260 461 m:
1277 432 1362 462 230⁴.
1402 433 1442 463 In
1467 433 1556 463 dorso
1575 437 1608 464 nl
1623 445 1738 473 snpra:
1763 438 1861 475 ctera)

209 484 257 512 el:
282 482 341 512 III.
389 481 428 512 In
455 481 541 520 plica
572 480 700 520 Icyitur:
735 482 765 514 R
797 492 854 522 per
878 481 1053 512 Iohannem
1081 481 1119 512 de
1145 481 1252 512 Glaez.
1299 482 1445 522 Siqillum
1470 485 1644 515 mahstatis
1663 487 1777 524 pendet
1799 487 1863 525 filis

180 544 191 562 5
209 533 318 564 sericis
342 533 432 563 rubri
454 532 624 571 viridisque
647 532 767 564 eoloris.

165 851 188 868 1⁴1

163 1109 186 1126 15

161 1366 186 1384 20

159 1890 183 1909 30

159 2145 183 2163 ³5

159 2402 184 2420 40

159 2659 183 2677 45

316 592 389 631 Ii'efy.
409 593 481 631 imp.
508 591 598 624 VIII
618 603 667 624 ver.
686 594 756 624 644.

314 691 453 722 Karolus
470 691 531 722 Dei
555 692 663 732 gracia
681 691 899 722 Romanorum
919 702 974 722 rex
999 702 1129 732 semper
1153 696 1305 732 augustus
1331 698 1362 722 et
1387 693 1519 723 Boemie
1546 717 1550 723 .
1571 718 1576 723 .
1603 704 1668 724 rex.
1715 694 1766 724 Ad
1791 705 1862 736 pcr-

208 746 336 784 petuam
362 744 407 773 rei
432 744 631 773 memoriam.

313 794 427 824 Innata
451 793 539 824 cordi
563 798 670 825 nostro
697 794 876 835 benignitas
905 795 988 825 circa
1014 794 1156 825 fidelium
1186 798 1218 826 et
1242 794 1431 826 devotorum
1456 800 1636 827 nostrorum
1666 797 1803 828 honores
1831 803 1862 828 01

207 845 379 876 commoda
404 846 561 876 continuis
586 847 708 876 intenta
732 846 849 886 vigiliis
880 847 962 876 votis
987 846 1125 886 ipsorum
1152 857 1292 877 annuere
1324 848 1441 887 iugiter
1465 859 1521 878 nos
1545 849 1678 879 inducit.
1711 850 1862 889 quociens

206 898 412 937 pos-cencium
436 902 518 926 voxa
542 905 589 927 est
614 897 706 927 iusta.
754 897 788 927 Iu
820 897 879 927 hoc
905 898 989 928 enim
1014 897 1236 928 liberalitati&
1267 904 1373 928 nostre
1405 909 1466 928 non
1492 904 1593 929 erratc
1622 900 1774 935 intencio,
1805 899 1862 930 sed

206 948 323 988 regalis
361 949 478 988 sceptri
513 948 675 989 fastigium
709 948 866 979 extollere
897 948 1068 979 salubriter
1101 948 1282 979 arbitratur.
1336 950 1420 980 Sanc
1456 950 1495 980 ad
1529 954 1634 981 nostre
1667 951 1862 981 celsitudinis

204 999 407 1030 venerabiles
440 1024 470 1030 ..
508 999 768 1040 archiepiscopus
799 999 985 1040 Pragensis,
1018 1000 1241 1030 (Homucensis
1276 1004 1307 1030 et
1335 1001 1627 1032 Luthomusslensis
1657 1028 1687 1033 ..
1720 1003 1861 1043 episcopi

204 1061 263 1082 nec
294 1062 357 1082 non
386 1051 526 1081 illustres
555 1051 714 1082 Iohannes
739 1051 905 1082 Karinthie
933 1076 961 1081 ..
987 1062 1161 1092 comesque
1186 1051 1312 1091 Tyrolis
1341 1056 1373 1082 ct
1397 1051 1535 1088 (1011010,
1561 1064 1732 1093 germanus
1756 1058 1863 1084 noster

206 1103 400 1136 carissimus.
433 1113 470 1133 ac
500 1102 653 1133 Nicolaus
678 1103 802 1143 Opavie
834 1107 865 1133 et
896 1102 1064 1134 Ratiboric
1090 1128 1119 1134 ..
1145 1103 1244 1134 duces
1275 1104 1439 1145 ceterique
1471 1129 1501 1135 ..
1532 1105 1656 1145 prelati,
1690 1129 1718 1135 ..
1753 1105 1861 1139 duces,

205 1178 211 1184 .
231 1179 237 1185 .
259 1154 433 1194 principes,
461 1179 466 1184 .
486 1178 491 1184 .
518 1153 663 1186 barones.
690 1179 695 1184 .
715 1178 720 1184 .
747 1165 896 1195 proceres
915 1159 945 1184 et
963 1154 1087 1184 nobiles
1112 1178 1117 1184 .
1136 1180 1142 1185 .
1167 1155 1255 1195 regni
1275 1156 1371 1185 nostri
1391 1155 1525 1186 Boemie
1543 1163 1574 1186 et
1592 1157 1860 1196 pertinenciarum

205 1205 347 1237 eiusdem
366 1207 566 1246 presenciam
585 1206 777 1236 aecedentes
798 1206 890 1236 nobis
907 1206 1072 1236 lmmiliter
1088 1206 1318 1246 supplicarunt.
1340 1211 1373 1237 ut
1391 1207 1545 1248 quasdam
1568 1208 1689 1238 litteras
1707 1208 1860 1238 Frideriei

204 1258 267 1288 divi
285 1257 502 1288 Romanorum
529 1282 534 1288 .
555 1282 560 1287 .
586 1258 680 1298 regis,
699 1258 935 1298 predecessoris
953 1259 1060 1290 nostri.
1079 1258 1169 1288 uobis
1192 1269 1249 1299 per
1266 1259 1351 1299 ipsos
1369 1259 1540 1295 exhibitas.
1567 1270 1698 1300 quarum
1716 1265 1806 1290 tenor
1831 1265 1861 1290 et

204 1309 303 1339 series
329 1310 471 1349 sequitur
496 1309 524 1339 in
550 1309 609 1339 hee
634 1309 745 1339 verba:

306 1364 470 1389 ‘fridericus
483 1379 512 1382 ——
526 1364 718 1397 pretitulatis'.
747 1373 829 1396 supra
849 1368 908 1390 tom.
925 1365 955 1390 II
976 1373 1016 1390 nr.
1032 1370 1072 1389 55¹.

205 1415 313 1442 nostra
338 1412 525 1443 confirmare
550 1413 741 1443 auctoritate
771 1413 860 1453 regia
885 1413 1100 1453 dignaremur.
1149 1413 1214 1443 Nos
1238 1414 1347 1454 utique
1374 1414 1570 1453 prefatorum
1598 1438 1602 1443 .
1623 1437 1628 1443 .
1654 1413 1860 1454 prelatorum.

205 1489 210 1494 .
226 1488 231 1494 .
250 1463 377 1501 dueum,
397 1488 401 1493 .
419 1489 424 1494 .
444 1464 632 1504 principum,
651 1488 656 1494 .
672 1488 678 1494 .
697 1464 863 1497 baronum.
884 1490 889 1494 .
905 1489 910 1494 .
928 1475 1095 1504 procerum
1115 1468 1145 1494 et
1163 1464 1328 1496 nobilium.
1353 1475 1432 1505 quos
1450 1465 1578 1495 honoris
1596 1468 1626 1495 et
1645 1465 1744 1495 felicis
1761 1469 1861 1495 status

202 1515 341 1546 Romani
360 1540 366 1546 .
382 1541 386 1546 .
406 1516 495 1555 regni
513 1519 544 1546 et
561 1516 641 1546 sacri
659 1516 785 1556 imperii
799 1516 911 1547 fideles
928 1520 959 1546 et
977 1516 1129 1547 sollicitos
1147 1526 1203 1557 pre
1221 1517 1337 1547 ceteris
1354 1517 1499 1546 novimus
1515 1517 1671 1547 zelatores
1693 1517 1860 1557 ipsumque

203 1578 336 1608 regnum
354 1567 488 1597 Boemie
506 1566 642 1597 Romani
662 1569 750 1608 regni
773 1567 951 1598 membrum
971 1568 1038 1598 fore
1056 1568 1202 1607 nobilius,
1228 1568 1518 1608 supp]ieaeionibus
1536 1568 1704 1608 benignius
1721 1568 1859 1599 inclinati

160 1633 170 1643 η
205 1619 347 1660 prefatas
370 1618 494 1649 litteras
525 1628 561 1648 ae
586 1619 692 1649 omnia
716 1624 748 1649 01
772 1619 895 1659 singula
921 1624 1071 1650 contenta
1097 1621 1125 1650 iu
1151 1619 1273 1650 eisdem
1299 1619 1475 1659 laudamus,
1502 1620 1717 1653 ratiftieamus,
1743 1631 1859 1661 appro-

203 1671 330 1708 bamus,
361 1671 583 1700 confirmamus
608 1674 640 1701 et
664 1670 704 1701 (10
730 1681 811 1700 novo
846 1681 886 1701 ex
911 1676 997 1701 certa
1022 1671 1159 1701 sciencia
1185 1672 1224 1701 de
1250 1680 1355 1701 nostre
1380 1671 1525 1702 Romane
1550 1672 1637 1711 regie
1663 1672 1858 1712 plenitudine

204 1722 372 1763 potestatis
405 1722 538 1762 prefatis
571 1732 683 1762 regno,
710 1747 740 1753 ..
767 1722 912 1762 prelatis,
938 1747 968 1753 ..
995 1723 1141 1761 ducibus,
1167 1746 1198 1753 ..
1224 1722 1434 1763 principibus.
1461 1746 1491 1753 ..
1517 1722 1702 1757 baronibus.
1730 1748 1734 1753 .
1755 1748 1760 1753 .
1786 1734 1857 1763 pro-

204 1773 331 1804 ceribus
356 1776 389 1803 et
412 1773 572 1803 nobilibus
596 1784 633 1804 ac
665 1774 863 1804 universitati
894 1775 984 1814 regui
1008 1775 1107 1814 ipsius
1132 1778 1164 1805 et
1188 1775 1457 1815 pertinenciarum
1479 1774 1623 1804 eiusdem
1648 1774 1687 1804 ad
1712 1785 1803 1804 usum
1829 1777 1860 1804 et

204 1836 283 1865 opus
308 1849 339 1854 ..
365 1835 476 1865 regum
494 1825 628 1855 Boemie
647 1826 882 1866 imperpetuum
909 1826 1031 1865 damus,
1057 1831 1168 1857 tenore
1194 1827 1394 1867 presencium
1420 1827 1612 1857 conferimus
1637 1831 1668 1857 ct
1693 1826 1857 1861 donamus.

204 1886 331 1906 omnem
349 1875 597 1906 diminucionem
622 1880 653 1906 et
671 1876 854 1913 deffectum,
871 1878 895 1907 si
913 1878 982 1918 quis
1008 1878 1036 1907 in
1056 1879 1217 1918 premissis
1234 1878 1339 1910 fuerit.
1364 1877 1403 1908 de
1421 1878 1560 1908 uberiori
1583 1878 1665 1908 dono
1684 1878 1859 1908 maiestatis

202 1927 348 1958 Romane
381 1928 468 1968 regie
500 1931 531 1958 et
560 1928 757 1968 plenitudine
788 1930 957 1969 potcstatis
986 1933 1172 1969 reparantes
1204 1930 1386 1960 omnimode
1420 1933 1452 1960 01
1479 1930 1666 1970 supplentes
1697 1939 1733 1960 ac
1765 1940 1857 1959 omne

203 1979 333 2010 dubium
359 1984 391 2010 et
408 1979 577 2010 obscurum
595 1990 651 2020 pro
669 1984 758 2020 parte
777 1984 808 2011 et
826 1981 855 2010 in
875 1981 1016 2011 favorem
1034 1982 1175 2021 ipsorum
1201 2006 1207 2012 .
1227 2007 1232 2012 .
1258 1982 1347 2021 regni
1370 1985 1401 2011 et
1427 2006 1432 2011 .
1451 2006 1456 2011 .
1483 1991 1592 2021 regum
1611 1980 1744 2011 Boemie
1762 1982 1857 2010 inter-

202 2034 367 2071 pretantes
396 2034 428 2061 et
454 2031 554 2061 eciam
580 2031 792 2067 declarantes,
817 2043 878 2062 11011
904 2032 1105 2063 obstantibus
1130 2032 1266 2074 legibus.
1291 2032 1584 2069 consuetudinibns7
1606 2031 1724 2069 usibus,
1749 2031 1857 2061 obser-

202 2082 335 2117 vanciis,
366 2082 487 2112 iuribus
518 2083 765 2123 municipalibus
796 2084 845 2114 vel
877 2084 1112 2121 communibus.
1145 2085 1271 2115 statutis
1302 2095 1358 2115 seu
1392 2084 1504 2114 edictis
1535 2084 1626 2113 factis
1654 2088 1686 2113 ct
1710 2082 1803 2113 editis
1827 2083 1858 2112 in

204 2134 397 2164 contrarium
423 2133 673 2175 quibuscunque,
699 2146 778 2176 quas
802 2140 833 2166 et
857 2146 929 2176 que,
955 2140 1108 2176 quantum
1131 2136 1172 2166 ad
1196 2136 1270 2175 1100,
1302 2146 1338 2166 ae
1363 2136 1387 2165 si
1417 2137 1521 2166 forent
1544 2135 1730 2165 nominatim
1763 2138 1794 2164 et
1818 2133 1856 2164 de

202 2186 300 2216 verbo
318 2186 358 2216 ad
376 2186 508 2217 verbum
526 2187 644 2227 scripta
662 2187 864 2227 presentibus
888 2190 919 2217 et
940 2188 1068 2221 inserta.
1087 2198 1284 2220 revocamus,
1302 2198 1472 2225 cassamus,
1492 2187 1661 2217 irritamus,
1679 2184 1857 2215 anullamus

203 2244 235 2268 et
260 2237 299 2268 de
325 2238 410 2268 dicta
427 2237 573 2270 Romane
591 2239 680 2279 regie
698 2239 897 2279 plenitudine
915 2239 1083 2280 potestatis
1101 2238 1301 2269 decernimus
1318 2238 1477 2268 firmitatis
1501 2237 1568 2267 fore
1594 2237 1707 2267 nullius
1732 2237 1857 2276 penitus

202 2289 252 2319 vel
277 2290 441 2320 momenti.
489 2290 575 2320 Nulli
608 2301 685 2331 ergo
716 2291 844 2321 omnino
870 2291 966 2321 liceat
990 2290 1071 2321 hane
1096 2294 1204 2321 nostre
1229 2289 1443 2322 laudacionis.
1469 2289 1714 2325 ratiffieaeionis.
1739 2298 1855 2328 appro-

202 2339 354 2375 bacionis,
379 2341 648 2375 confirmacionis,
678 2341 874 2377 donacionis,
899 2342 1126 2382 reparacioniS,
1150 2342 1375 2382 supplementi.
1400 2340 1686 2380 interpretacionis,
1712 2339 1856 2369 declara-

205 2392 312 2426 cionis,
337 2393 564 2426 revoeacionis.
589 2394 790 2426 cassacionis.
815 2393 1005 2424 irritacionis
1023 2401 1055 2424 01
1071 2393 1280 2424 anullacionis
1298 2393 1446 2433 paginam
1465 2392 1638 2431 infringere
1656 2391 1707 2421 vel
1732 2391 1760 2421 ei
1778 2401 1855 2420 ausu

201 2444 373 2473 temerario
398 2444 427 2473 in
446 2444 552 2484 aliquo
571 2445 737 2475 contraire.
779 2446 981 2475 Contrarium
999 2455 1075 2475 vero
1094 2444 1258 2481 facientes,
1284 2445 1309 2474 si
1334 2445 1386 2484 qui
1404 2444 1529 2481 fuerint,
1555 2441 1639 2483 quod
1657 2441 1749 2479 absit„
1774 2442 1855 2472 ultra

201 2493 458 2535 indignacionem
484 2500 591 2526 nostre
617 2495 814 2526 celsitudinis
838 2495 995 2529 Romane.
1020 2507 1116 2537 quam
1140 2496 1180 2526 ob
1205 2496 1265 2526 hoc
1290 2506 1323 2526 se
1340 2495 1486 2525 noverint
1509 2495 1650 2534 graviter
1667 2495 1855 2524 incursuros.

201 2545 287 2576 mille
319 2546 466 2576 marchas
494 2548 562 2577 auri
594 2549 663 2588 puri
696 2552 804 2578 nostro
836 2552 867 2578 et
897 2548 1035 2578 Romani
1064 2549 1153 2588 regni
1188 2547 1266 2578 fisco
1295 2550 1501 2587 componant,
1534 2547 1674 2586 ipsarum
1704 2544 1855 2575 videlicet

202 2596 411 2628 medietatem
435 2603 542 2629 nostre
572 2603 604 2629 et
628 2609 847 2630 suceessorum
872 2604 1052 2630 nostrorum
1077 2599 1295 2629 Romanorum
1322 2623 1326 2628 .
1347 2623 1351 2628 .
1377 2608 1488 2638 regum
1514 2602 1545 2628 et
1571 2621 1601 2627 ..
1626 2598 1855 2637 imperatorum

203 2649 288 2679 curie
312 2659 368 2679 seu
384 2659 510 2680 camere
534 2654 566 2680 et
584 2650 738 2691 reliquam
757 2651 858 2691 passis
885 2650 1033 2681 iniuriam
1062 2650 1321 2680 irremissibiliter
1344 2648 1608 2690 applicandspml.
1655 2648 1690 2677 In
1720 2657 1854 2688 quorum

307 2746 373 2772 5718.
403 2748 426 2777 a)
447 2757 514 2772 corr.
527 2757 556 2772 ea·
576 2757 626 2773 nox
645 2758 682 2773 or.
772 2748 796 2779 b)
817 2749 856 2773 b'a
877 2749 901 2772 in
923 2750 976 2773 loco
996 2757 1056 2773 raso
1076 2758 1113 2773 or.
1202 2750 1224 2775 θ’)
1245 2749 1269 2772 in
1291 2749 1344 2772 loco
1364 2756 1423 2771 raso
1443 2755 1479 2771 or.
