2189 2984
142 733 166 751 10

141 991 164 1009 15

140 1251 167 1270 20

140 1508 164 1528 25

141 1965 165 1983 30

140 2345 166 2363 35

143 2602 168 2620 40

615 173 710 199 ACTA
732 173 843 200 ΗΕΘΜ
864 172 998 199 KAROLI
1018 172 1063 198 lv.
1102 173 1175 198 1:347.
1214 173 1259 198 ΝΥ.
1276 173 1331 198 157.
1353 174 1407 198 iss.
1769 179 1828 206 2433

187 259 435 300 gubernatorum
459 261 596 301 ipsarum
622 259 823 290 condiciones
848 263 880 289 et
903 262 1002 289 status
1027 269 1067 289 ex
1091 258 1186 289 officii
1203 259 1300 289 nostri
1326 259 1433 290 debito
1457 261 1600 300 cogimur
1623 261 1775 302 indagare
1799 264 1831 291 et

188 311 339 342 ecclesias
361 311 431 341 illas
454 311 631 351 presertim‚
657 321 790 350 quarum
815 310 960 350 regimini
984 310 1085 339 maius
1109 309 1249 340 noscitur
1272 311 1404 341 iminere
1429 311 1607 347 discrimen,
1639 322 1657 342 a
1681 312 1829 352 nephari-

187 373 276 392 orum
301 362 428 392 ausibus
452 372 636 402 preservare
660 361 766 392 illesas
790 371 826 391 ac
850 362 880 391 in
905 372 960 391 cos
984 371 1134 391 exercere
1159 362 1407 392 eeclesiasticam
1442 363 1651 404 disciplinam,
1682 365 1733 405 qui
1758 375 1829 404 pre-

186 414 251 444 fate
276 413 360 443 sedis
383 412 533 443 mandata
557 413 595 443 ad
630 412 790 450 nichilum,
820 416 971 453 quantum
997 413 1026 442 in
1056 412 1101 442 eis
1125 416 1185 446 est,
1215 413 1367 444 reducere
1397 418 1580 455 satagentes
1608 415 1668 445 illis
1695 415 1830 446 illudere

186 475 249 495 non
272 468 429 499 verentur,
455 463 635 494 discretioni
659 467 764 494 vestre
788 474 846 504 per
869 464 1045 504 apostolica
1061 463 1199 504 scriptacl
1224 465 1421 504 mandamus,
1447 471 1601 506 quatenus
1618 477 1673 497 vos
1696 467 1746 497 vel
1768 467 1829 497 duo

186 519 241 546 aut
256 527 335 546 unus
352 520 490 546 vestrum
508 526 564 556 per
588 526 643 546 vos
667 516 716 547 vel
741 516 837 546 alium
863 526 918 546 seu
942 515 1020 546 alios
1045 516 1151 546 onmia
1175 518 1207 545 et
1230 517 1352 557 singula
1376 517 1405 546 in
1431 517 1580 557 predictis
1604 519 1717 548 nostris
1742 518 1830 548 vobis

185 567 313 598 directis
342 567 455 597 litteris
483 571 631 598 contenta
660 568 749 598 iuxta
778 568 917 608 ipsarum
949 567 1125 597 litterarum
1155 567 1291 598 formam
1322 572 1353 598 et
1384 569 1615 599 continenciam
1651 570 1830 600 executioni

185 619 292 649 debite
328 618 468 659 plenarie
505 619 704 649 demandetis
738 629 774 649 ae
810 618 1031 649 nichilominus
1061 618 1100 648 de
1130 620 1286 659 personis,
1320 620 1501 650 nominibus
1532 624 1563 651 et
1592 621 1831 661 cognominibus

184 671 323 701 omnium
349 672 380 700 et
404 670 609 711 singulorum,
635 671 686 711 qui
711 671 869 711 prefatum
888 670 1059 700 Gerlacum
1082 670 1357 711 archiepiscopum
1382 682 1439 712 per
1462 672 1591 702 modum
1613 672 1694 702 dicte
1719 673 1830 713 appel-

184 722 321 758 lationis,
345 723 586 763 provocationis.
614 723 858 758 reclamationis,
883 723 1133 763 supplicationis,
1165 722 1423 753 contradictionis
1455 734 1511 754 seu
1534 725 1776 764 protestaeionis
1800 724 1830 754 in

185 775 384 805 assecutione
403 774 532 813 pacifice
550 774 756 814 possessionis
781 778 812 804 et
836 774 926 814 quasi
943 773 1077 804 ecclesie
1095 778 1271 805 memorate
1296 785 1418 805 necnon
1443 775 1619 816 opidorum7
1645 779 1829 814 castrorum,

183 825 338 858 villarum.
357 825 508 863 locorum⁷
526 825 639 855 iurium
657 828 689 856 et
702 825 964 858 iurisdictionum.
978 830 1235 856 ornamentorum
1249 836 1462 867 vasorumque
1476 832 1712 867 argenteorum,
1726 838 1830 858 rerum

183 880 216 907 et
243 877 397 907 bonorum
435 887 707 918 quorumcumque
743 877 783 907 ad
815 877 950 908 eundem
976 876 1146 907 Gerlacum
1171 878 1446 918 arehiepiscopum
1477 882 1509 909 et
1536 880 1637 919 ipsam
1662 879 1831 909 eeclesiam

184 928 404 969 Maguntinam
429 930 639 969 spectantium
664 929 878 970 impedierunt
906 929 954 959 vcl
984 929 1174 969 impediunt,
1204 931 1313 970 eisque
1344 930 1373 960 in
1405 930 1464 960 hac
1494 934 1583 971 parte
1608 930 1831 962 adherentium

186 990 241 1010 vos
271 980 454 1021 diligentius
482 981 689 1011 informantes
718 982 803 1022 ipsos
834 992 874 1011 ex
903 986 992 1021 parte
1024 984 1131 1011 nostra
1154 982 1370 1022 peremptorie
1400 983 1497 1013 citare
1521 984 1656 1020 mul-etis,
1688 986 1721 1012 ut
1750 983 1831 1013 infra

184 1036 304 1062 eertum
330 1032 498 1062 terminum
522 1033 774 1073 peremptorium
799 1037 1034 1073 competentem
1064 1043 1121 1073 per
1144 1043 1200 1063 vos
1229 1034 1274 1062 cis
1298 1044 1393 1074 super
1423 1034 1482 1064 hoc
1506 1034 1726 1075 prefigendum
1752 1045 1830 1075 apo-

183 1083 295 1113 stolico
324 1086 505 1125 conspectui
536 1085 746 1125 personaliter
777 1095 810 1114 se
839 1088 1023 1125 presentent
1051 1095 1147 1124 super
1182 1084 1332 1124 predictis
1357 1085 1463 1115 debite
1493 1087 1687 1126 responsuri,
1719 1086 1831 1116 facturi

184 1146 310 1175 quoque
335 1140 366 1166 et
390 1137 557 1176 recepturi,
582 1135 667 1176 quod
692 1136 812 1166 iusticia
831 1136 988 1172 suadebit,
1013 1137 1157 1166 invocato
1183 1137 1278 1167 etiam
1304 1137 1344 1167 ad
1370 1137 1438 1173 hoc,
1464 1138 1487 1167 si
1507 1148 1585 1177 opus
1611 1139 1714 1173 fuerit,
1740 1139 1829 1168 auxi-

185 1187 226 1216 lio
252 1187 370 1217 brachii
393 1188 553 1219 secularis.
593 1188 686 1218 Diem
704 1191 811 1218 autem
829 1188 1006 1217 huiusmodi
1025 1188 1183 1218 citationis
1208 1192 1239 1218 ct
1264 1188 1397 1219 formam
1423 1193 1454 1219 ct
1479 1189 1627 1230 quicquid
1653 1201 1748 1230 super
1774 1191 1831 1220 hiis

186 1237 339 1269 duxeritis
361 1239 551 1274 faciendum,
576 1239 666 1269 nobis
683 1250 740 1280 per
755 1242 876 1269 vestras
893 1239 1014 1269 litteras
1039 1239 1149 1269 harum
1174 1241 1289 1270 scriem
1312 1242 1510 1271 continentes
1534 1242 1680 1272 intimare
1706 1243 1830 1272 curetis.

184 1290 340 1321 Volumus
365 1292 502 1331 insuper,
527 1291 612 1331 quod
637 1302 802 1332 processus
826 1295 947 1321 vestros
972 1302 1066 1332 super
1084 1292 1233 1332 predictis
1258 1291 1423 1322 habendos
1447 1303 1503 1332 per
1527 1293 1632 1323 edicta
1655 1294 1783 1334 publica
1800 1295 1829 1324 in

184 1341 261 1371 locis
286 1342 493 1382 proponenda
518 1348 549 1372 et
581 1342 772 1381 assignanda
797 1342 943 1383 publicis,
975 1343 1014 1373 de
1043 1343 1156 1384 quibus
1181 1344 1276 1374 fuerit
1300 1344 1478 1374 verisimilis
1503 1346 1713 1385 presumptio,
1745 1345 1830 1386 quod

184 1393 224 1423 ad
249 1404 368 1431 eorum⁷
393 1405 471 1435 quos
488 1398 608 1435 tanget,
634 1395 753 1434 possint
772 1395 937 1435 pervenire
963 1396 1110 1425 noticiam
1130 1395 1178 1425 vel
1196 1396 1284 1431 alias,
1309 1400 1402 1436 prout
1426 1396 1539 1426 melius
1564 1400 1595 1427 et
1619 1397 1724 1427 utilius
1742 1397 1830 1427 vobis

185 1444 352 1480 videbiturq
378 1447 499 1476 ratione
524 1447 633 1486 previa
658 1446 790 1476 faciatis.
837 1446 986 1476 Gohwnu
1012 1451 1118 1477 nostre
1144 1448 1325 1477 intentionis
1349 1448 1466 1481 existit,
1499 1448 1583 1488 quod
1609 1449 1829 1479 commissione

184 1496 364 1527 huiusmodi
384 1508 444 1527 non
462 1497 609 1528 obstante
626 1497 787 1538 predictus
804 1498 957 1528 Gerlacus
974 1499 1231 1539 archiepiscopus
1250 1499 1497 1529 iurisdictionem
1523 1510 1611 1530 suam
1638 1500 1830 1531 ordinariam

183 1559 280 1588 super
303 1549 453 1589 predictis
477 1553 509 1579 et
532 1549 601 1579 aliis
625 1549 664 1580 ad
690 1560 762 1580 eum
787 1550 1003 1590 spectantibus
1028 1552 1126 1591 possit
1151 1551 1264 1586 libere,
1294 1552 1439 1592 quotiens
1468 1556 1658 1592 oportunum
1689 1553 1830 1583 extiterit

184 1604 216 1630 et
239 1600 296 1630 sibi
321 1600 489 1634 videbitur.
514 1612 674 1631 exercerc.

290 1659 408 1690 Datum
433 1661 588 1691 Avinione
614 1661 694 1691 Non.
720 1661 869 1695 Ianuarii.
895 1672 977 1691 anno
1002 1662 1121 1702 quinto.

366 1901 436 1934 15s.
473 1899 780 1936 CLEMEN'rls
808 1900 870 1935 vl.
900 1900 1166 1936 LITTERAE
1195 1901 1650 1938 GRATULATORIAE

742 1955 956 1992 KAROLO
986 1955 1274 1992 DIRECTAE.

874 2029 980 2064 1347.
1024 2031 1099 2065 Ian.
1122 2032 1156 2066 6.

291 2129 363 2168 Rea.
389 2128 531 2159 sativam.
559 2129 616 2159 140
641 2128 751 2162 (Clam.
778 2128 830 2159 VI.
855 2139 930 2160 secr.
955 2140 986 2161 (ι.
1011 2129 1059 2170 V.)
1089 2132 1116 2169 f.
1140 2130 1202 2159 199
1231 2141 1279 2161 m.
1303 2132 1375 2163 377.
1428 2131 1568 2162 Contulit
1597 2132 1635 2163 F.
1655 2132 1753 2163 Kern.
1789 2151 1829 2155 ——

184 2179 244 2210 Ed.
263 2180 414 2211 Klio-man
438 2182 509 2210 837.
535 2199 572 2202 —
598 2180 690 2212 ΕΗΓ.
716 2180 892 2220 ΠῙΕντιηδ-Ῑεῃ
917 2183 997 2218 14ος
1021 2181 1203 2213 Sauo-land
1226 2182 1290 2213 III
1308 2193 1356 2213 nr.
1376 2186 1447 2214 (131.

291 2241 364 2281 Rea.
382 2242 455 2280 imp.
476 2241 565 2272 VIII
586 2241 699 2272 Pabste
721 2251 770 2272 nr.
787 2242 858 2272 190.

291 2336 461 2366 Carissimo
486 2337 516 2366 in
540 2335 664 2367 Christo
688 2335 753 2366 filio
778 2335 893 2366 Carolo
918 2337 983 2377 regi
1008 2336 1226 2368 Romanorum
1251 2338 1372 2368 illustri.

291 2387 423 2428 Regalis
447 2387 637 2418 excellentie
668 2391 721 2418 tue
750 2387 872 2418 litteras
896 2398 953 2428 per
977 2388 1126 2419 dilectum
1156 2389 1253 2420 filium
1279 2390 1483 2430 Aymericum
1509 2390 1547 2420 de
1573 2390 1717 2421 Claustro
1742 2393 1828 2420 tuum

185 2439 375 2470 familiarem
403 2442 435 2470 et
466 2440 614 2470 nuncium
645 2442 752 2469 nostro
781 2439 973 2479 apostolatui
1001 2444 1200 2480 presentatas
1228 2441 1293 2472 leta
1323 2452 1418 2472 manu
1453 2442 1631 2482 recepimus
1662 2445 1693 2472 et
1721 2452 1828 2472 earum

185 2491 299 2521 seriem
324 2491 417 2531 pleno
435 2491 622 2532 collegimus
638 2490 811 2521 intellectu.
847 2490 991 2531 Cumque
1008 2502 1065 2531 per
1089 2502 1143 2522 eas
1160 2496 1202 2531 te,
1222 2493 1266 2523 fili
1283 2494 1455 2531 carissime,
1480 2494 1509 2523 in
1535 2493 1652 2534 oppido
1669 2493 1829 2524 Bunnensi

185 2544 238 2572 tue
263 2543 478 2573 coronacionis
501 2543 660 2582 recepisse
687 2541 830 2572 solennia
859 2545 891 2572 et
918 2542 981 2572 alia
1009 2545 1190 2575 exercuisse
1218 2548 1310 2585 gesta
1338 2545 1473 2585 regalia,
1502 2548 1536 2574 ut
1560 2544 1710 2579 decebat¹
1740 2544 1830 2574 nobis

186 2592 227 2623 ad
251 2594 505 2625 consolacionem
529 2597 561 2624 et
585 2594 735 2634 gaudium
759 2594 923 2629 intimaris,
949 2594 1027 2624 scire
1052 2597 1139 2625 tuam
1164 2596 1285 2636 regiam
1310 2596 1530 2627 celsitudinem
1554 2596 1707 2631 volumus,
1734 2595 1829 2635 quod,

187 2655 257 2675 cum
282 2656 321 2676 ex
345 2646 405 2676 tuis
428 2645 587 2687 prosperis
610 2644 805 2676 successibus
829 2655 1062 2685 prosperemur,
1087 2646 1146 2677 hec
1170 2647 1260 2678 nobis
1284 2658 1399 2688 magne
1425 2648 1626 2678 iocunditatis
1651 2650 1682 2676 et
1707 2647 1828 2677 exulta-

187 2696 284 2727 cionis
300 2698 467 2728 materiam
484 2698 709 2732 ministrarunt,
735 2696 857 2727 devotis
874 2697 1020 2737 precibus
1044 2697 1216 2729 Dominum
1234 2703 1413 2737 exorantes,
1438 2703 1471 2729 ut
1495 2700 1572 2739 ipse7
1598 2698 1648 2738 qui
1670 2707 1828 2737 nunquam

290 2792 352 2818 157.
380 2792 403 2818 d)
423 2793 489 2818 deest
508 2793 565 2817 BA.

1578 2841 1620 2867 31·
