2189 2984
980 131 1027 158 IN
1040 133 1062 159 D
1073 133 1094 159 E
1104 134 1136 160 X.
1785 144 1874 171 XXIII

433 233 503 265 545.
526 232 665 265 Donatio
686 235 846 276 pecuniae.
890 237 982 268 Mart.
997 240 1015 271 7
1019 263 1669 279 .................
1765 218 1823 283 5535

432 285 501 316 546.
526 285 692 316 Promissio
714 286 752 317 de
773 288 933 319 conductu
954 289 996 319 ad
1017 289 1210 322 electionem.
1254 293 1346 324 Mart.
1362 295 1379 326 7
1384 319 1668 330 ........
1764 303 1823 334 556

231 335 300 366 547.
332 334 499 365 Promissio
514 336 666 376 pecuniae
681 337 865 379 landgravio
881 339 1013 372 Hassiae
1028 352 1085 382 pro
1100 342 1246 383 homagio
1263 344 1357 376 facta.
1390 346 1478 379 1348.
1508 348 1601 379 Mart.
1620 351 1666 382 11.
1763 354 1823 385 556

229 387 318 417 5472.
346 386 485 426 Treugae
513 387 745 420 Cracovienses.
808 392 893 424 1348.
949 391 1043 423 Mart.
1070 394 1115 427 13.
1169 418 1657 432 .............
1766 405 1826 437 810

229 437 298 469 548.
329 437 498 469 Clementis
511 439 564 470 VI.
581 439 706 472 litterae
719 441 761 472 ad
775 453 879 482 regem
893 453 987 483 super
1001 443 1087 474 facto
1102 445 1181 485 regis
1194 446 1360 486 Ungariae.
1394 448 1481 481 1348.
1517 450 1661 484 Marti?
1765 456 1823 488 557

228 489 397 521 549-551.
422 489 545 530 Scripta
569 502 626 531 pro
648 492 780 524 civitate
801 494 1011 526 Muhlhauseu
1034 495 1067 526 in
1090 495 1269 537 Thuringia.
1316 498 1402 531 1348.
1448 500 1540 532 Mart.
1563 503 1611 534 26.
1661 528 1667 534 .
1714 506 1875 539 558—560

327 541 397 573 549.
420 541 622 581 Privilegium
642 544 681 575 de
702 544 843 576 diversis.
886 546 980 577 Mart.
994 547 1032 578 26
1037 572 1668 586 .................
1764 559 1824 590 558

327 593 396 624 550.
421 592 578 633 Obligatio
600 594 716 626 iudicii.
760 596 852 627 Mart.
866 598 904 629 26
909 622 1666 637 ....................
1763 610 1822 642 559

327 644 383 676 551
420 644 574 676 Remissio
596 650 712 678 sturae.
756 648 848 679 Mart.
862 649 900 680 26
906 674 1667 688 ....................
1762 661 1823 692 560

226 694 295 726 552.
325 695 384 726 553
418 695 601 736 Resignatio
622 698 811 730 advocatiae
832 699 960 731 minoris
982 700 1014 731 in
1039 700 1158 733 Goslar.
1204 703 1290 735 1348.
1334 703 1426 735 Mart.
1441 705 1489 737 30.
1539 731 1546 738 .
1762 712 1815 744 56]

325 747 395 778 552.
419 746 602 788 Resignatio
625 749 667 780 ad
690 760 804 781 manus
827 751 945 782 civium
971 752 1217 784 Goslariensium
1242 754 1336 786 facta.
1384 756 1476 788 Mart..
1501 758 1550 789 30.
1579 783 1586 790 .
1619 783 1626 791 .
1659 783 1666 791 .
1762 764 1819 795 561

325 798 383 829 553
418 798 585 830 Promissio
607 800 646 831 de
668 801 878 842 resignatione
899 803 1082 844 imperatori
1104 804 1155 836 vel
1174 805 1239 845 regi
1260 806 1412 838 facienda.
1456 808 1548 841 Mart.
1563 810 1611 842 30.
1657 835 1664 842 .
1761 814 1818 847 561

226 849 295 880 554.
325 848 494 881 Clementis
501 850 556 882 VI.
568 851 693 884 litterae
702 855 1019 886 recommendationis
1028 866 1085 896 pro
1097 855 1194 888 electo
1206 857 1435 898 Herbipolensi.
1454 859 1540 893 1348.
1553 861 1627 902 Apr.
1638 864 1665 895 1.
1761 866 1820 897 562

223 900 393 933 555—567.

425 901 590 943 Privilegia.
612 914 668 944 pro
690 915 785 945 regno
807 906 988 937 Bohemiae.
1033 908 1120 940 1348.
1164 908 1238 949 Apr.
1253 911 1281 941 7.
1337 934 1343 941 .
1377 935 1383 942 .

323 954 493 985 555—565.
515 954 778 987 confirmationes
811 957 1044 999 privilegiorum
1078 959 1306 1000 imperatorum
1340 966 1371 992 et
1405 973 1512 1003 regum
1548 964 1662 996 Roma-

303 2552 372 2583 566.

302 2655 371 2686 567.

624 1018 746 1039 norum.
791 1009 897 1049 Apr.7
902 1034 1662 1048 ....................

422 1058 491 1089 555.
515 1058 718 1089 Confirmatio
740 1059 975 1101 privilegiorum
995 1062 1156 1102 generalis.
1199 1064 1274 1104 Apr.
1289 1066 1306 1096 7
1311 1089 1662 1100 ..........

423 1109 491 1141 556.
514 1109 718 1141 Confirmatio
742 1111 896 1152 privilegii
918 1113 1066 1143 Friderici
1090 1113 1114 1144 I.
1140 1114 1337 1155 imperatoris
1361 1118 1461 1155 (1158.
1507 1118 1574 1149 Ian.
1600 1120 1660 1158 18.)

623 1161 661 1193 de
684 1163 881 1195 concessione
900 1164 1006 1195 circuli
1024 1165 1168 1205 gestandi
1187 1166 1319 1198 (lucibus
1338 1168 1509 1200 Bohemiae
1526 1169 1660 1203 indulta.

420 1264 489 1296 557.
512 1264 716 1296 Confirmatio
735 1266 889 1307 privilegii
906 1267 1055 1299 Friderici
1073 1269 1116 1299 Π.
1135 1269 1333 1310 imperatoris
1353 1272 1453 1309 (1212.
1491 1272 1576 1314 Sept.
1595 1275 1657 1313 26.)

621 1317 659 1348 de
676 1318 770 1357 regali
785 1318 939 1359 dignitate
956 1324 987 1350 et
1004 1330 1087 1351 nova
1105 1321 1290 1353 constitutio
1307 1322 1347 1354 de
1362 1322 1429 1355 iure
1445 1324 1655 1357 successionis.

620 1369 695 1410 Apr.
710 1371 728 1401 7
733 1395 1656 1410 ........................

419 1419 488 1451 558.
511 1418 715 1451 Confirmatio
739 1421 892 1462 privilegii
915 1422 1063 1454 Friderici
1088 1424 1130 1454 Π.
1155 1424 1352 1466 imperatoris
1377 1428 1477 1466 (1216.
1510 1428 1569 1459 Iul.
1593 1429 1657 1467 26.)

620 1472 659 1503 de
681 1471 831 1504 electione
854 1474 1025 1506 Wenceslui
1048 1475 1072 1506 I.
1096 1475 1184 1516 regis.
1227 1476 1302 1517 Apr.
1317 1479 1334 1510 7
1339 1502 1657 1512 .........

418 1523 488 1553 559.
510 1522 715 1554 Confirmatio
744 1524 897 1566 privilegii
925 1526 1075 1557 Richardi
1104 1527 1182 1567 regis
1212 1530 1312 1567 (1262.
1367 1530 1446 1570 Aug.
1476 1532 1518 1570 9.)
1547 1531 1585 1563 de
1613 1532 1656 1563 in<

620 1575 801 1608 fondatione
824 1578 967 1609 Ottucari
989 1578 1032 1609 H.
1056 1578 1144 1619 regis.
1188 1580 1262 1621 Apr.
1278 1582 1295 1612 7
1300 1605 1657 1615 ..........

417 1626 586 1658 560—5452.
609 1626 870 1660 Confirmationes
899 1629 1134 1670 privilegiorum
1163 1631 1205 1661 ad
1234 1632 1542 1673 archipincernatum
1571 1645 1656 1676 spec-

619 1679 767 1710 tantium.
811 1680 918 1721 Apr.?
924 1706 1656 1718 ...................

516 1730 585 1761 560.
608 1730 813 1762 Confirmatio
833 1732 1052 1764 declarationis
1072 1733 1199 1765 Rudolfi
1218 1735 1243 1765 l.
1263 1735 1342 1777 regis
1362 1737 1461 1775 (1289.
1499 1738 1592 1769 Mart.
1611 1741 1653 1777 4.)

618 1782 657 1812 de
678 1782 797 1813 iuribus
818 1784 897 1823 regis
920 1784 1100 1816 Bohemiae.
1143 1786 1218 1826 Apr.
1233 1788 1261 1818 7.
1327 1812 1654 1822 .........

515 1834 584 1865 561.
607 1833 811 1865 Confirmatio
837 1835 966 1867 alterius
992 1836 1213 1868 declarationis
1239 1837 1367 1870 Rudolfi
1393 1839 1418 1870 I.
1447 1841 1526 1881 regis
1553 1842 1653 1880 (1290.

619 1885 705 1926 Sept.
734 1887 797 1925 26.)
826 1886 865 1918 de
892 1887 1012 1919 iuribus
1039 1888 1119 1929 regis
1146 1889 1326 1922 Bohemiae.
1380 1891 1488 1932 Apr.7
1492 1917 1653 1925 .....

514 1936 583 1967 562.
606 1936 811 1968 Confirmatio
834 1939 1072 1979 protestationis
1094 1939 1215 1972 Alberti
1238 1941 1317 1982 regis
1340 1943 1440 1981 (1298.
1485 1944 1566 1975 Nov.
1591 1946 1651 1983 17.)

615 1988 654 2019 de
676 1989 778 2020 officio
801 1990 1014 2030 pincernatus.
1058 1992 1132 2032 Apr.
1147 1993 1165 2024 7
1170 2017 1652 2028 .............

412 2038 581 2071 563—565.
604 2039 865 2073 Confirmationes
893 2042 1127 2083 privilegiorum
1168 2043 1210 2074 ad
1237 2044 1390 2076 ducatum
1418 2046 1650 2078 Wratislavien-

612 2101 678 2122 sem
699 2093 922 2132 spectantium.
966 2094 1073 2135 Apr.7
1078 2119 1650 2130 ...............

511 2142 580 2173 563.
603 2142 807 2174 Confirmatio
831 2144 986 2185 privilegii
1009 2146 1137 2176 Rudolfi
1162 2147 1187 2177 I.
1212 2147 1292 2187 regis
1316 2149 1417 2187 (1290.
1442 2149 1500 2180 Iul.
1525 2151 1587 2189 22.)
1611 2149 1650 2180 (16

610 2194 712 2225 feudis
726 2195 814 2226 ducis
824 2196 863 2227 W
865 2196 1045 2228 ratislaviae
1060 2197 1241 2229 Wenceslao
1252 2199 1296 2229 II.
1312 2200 1375 2240 regi
1390 2200 1520 2231 collatis.
1536 2201 1611 2242 Apr.
1626 2203 1654 2233 7.

509 2245 578 2277 564.
601 2245 806 2277 Confirmatio
828 2247 983 2289 privilegii
1013 2248 1140 2280 Rudolfi
1170 2250 1195 2280 I.
1227 2251 1306 2290 regis
1336 2252 1436 2289 (1290.
1469 2252 1554 2293 Sept.
1585 2253 1646 2291 25.)

610 2297 649 2328 de
672 2302 815 2329 tractatu
839 2299 1028 2331 hereditario
1053 2300 1135 2332 inter
1158 2312 1262 2342 regem
1286 2302 1457 2334 Bohemiae
1481 2308 1512 2335 et
1536 2304 1648 2335 ducem

609 2348 899 2382 wratislaviensem
921 2351 1016 2383 facto.
1059 2352 1134 2393 Apr.
1149 2353 1167 2385 7
1171 2377 1647 2388 .............

507 2400 575 2430 565.
598 2400 804 2432 Confirmatio
829 2402 983 2444 privilegii
1008 2403 1139 2434 Rudolfi
1164 2404 1188 2434 I.
1215 2405 1294 2445 regis
1320 2406 1420 2444 (1290.
1471 2407 1557 2448 Sept.
1582 2407 1645 2446 26.)

607 2451 647 2482 de
680 2452 860 2494 principatu
895 2454 1116 2486 Wratislaviae
1150 2460 1181 2485 et
1217 2455 1344 2488 Silesiae
1377 2458 1441 2498 regi
1476 2458 1645 2490 Bohemiae

606 2502 731 2535 collato.
774 2504 882 2546 Apr.7
887 2530 1644 2542 ....................

396 2551 576 2584 Declaratio
598 2554 637 2585 de
659 2555 842 2596 episcopatu
859 2556 1068 2594 Olonmcensi,
1092 2557 1312 2590 marchionatu
1333 2561 1502 2598 Moraviae,
1526 2561 1643 2592 ducatu

606 2606 800 2647 Oppaviensi
814 2607 856 2638 ad
871 2619 1002 2649 regnum
1018 2608 1190 2640 Bohemiae
1206 2610 1445 2650 pertinentibus.
1476 2612 1551 2653 Apr.
1569 2614 1596 2645 7.
1637 2637 1644 2644 .

395 2654 614 2696 Ins-orporatio
651 2657 826 2689 ducatuum
855 2659 991 2695 Silesiae,
1029 2660 1214 2700 praesertim
1251 2661 1526 2699 Wratislaviensis,
1563 2674 1643 2694 mar-

605 2708 693 2739 chiae
719 2709 950 2742 Budissinensis
977 2716 1007 2742 et
1036 2710 1222 2743 Gorlicensis
1247 2712 1279 2743 in
1306 2724 1436 2754 regnum
1463 2714 1641 2746 Bohemiae.

605 2759 679 2800 Apr.
694 2761 712 2792 7
716 2785 1641 2798 ........................

1657 939 1663 945 .
1711 916 1871 950 562--580

1709 1020 1868 1053 562-—574

1758 1072 1816 1103 562

1754 1226 1813 1258 564

1752 1380 1810 1412 565

1725 1483 1784 1515 567

1755 1587 1814 1618 568

1703 1689 1859 1722 570—571

1751 1793 1811 1824 570

1749 1895 1809 1927 570

1748 1997 1808 2029 570

1698 2100 1751 2132 571
1761 2100 1837 2132 —57

1745 2203 1802 2235 571

1744 2357 1802 2389 572

1736 2765 1795 2797 577
