2189 2984
132 723 156 741 10

131 978 153 996 15

130 1234 154 1252 ‘20

134 1746 157 1764 31]

131 2003 155 2022 35

131 2261 155 2278 40

130 2519 154 2537 45

134 2779 157 2797 50

649 157 744 184 ACTA
766 158 877 184 nuum
898 157 1032 183 KAHOLI
1052 157 1098 183 ir.
1136 158 1212 184 1346.
1249 158 1294 183 Nr.
1310 159 1350 184 111.
1763 164 1820 192 135,

175 251 219 276 vel
242 250 313 284 ligas
337 249 561 283 aliquas'facere
586 249 630 275 vel
653 248 771 279 habere,
803 249 838 275 ob
861 249 949 274 zelum
974 249 1025 275 Dei
1049 250 1077 275 et
1101 248 1225 275 eiusdem
1249 249 1312 275 fidei
1341 258 1372 275 ac
1396 249 1431 274 ad
1455 249 1589 275 honorem
1614 250 1701 283 ipsius
1726 253 1821 277 sancte

174 301 298 328 Romane
318 301 433 327 ecclesie
450 300 548 326 matris
572 309 632 326 mee
657 302 685 326 et
709 300 744 326 01)
761 300 949 328 devotionem.
974 308 1058 333 quam
1081 299 1171 326 habeo
1195 300 1231 325 ad
1254 300 1352 333 ipsam,
1377 309 1409 326 ac
1426 300 1511 326 etiarn
1529 301 1705 327 consciencia
1722 302 1821 328 merito

174 362 217 379 me
241 354 373 387 urgente,
404 352 553 378 intendens
577 351 748 378 Ludovicum
772 352 913 385 prefatum
937 351 1017 377 iuxta
1044 351 1169 385 ipsorum
1200 360 1380 385 processuum
1410 352 1523 382 seriem,
1555 354 1639 386 prout
1669 353 1737 378 inihi
1769 354 1822 379 erit

174 404 316 438 possibile,
341 403 521 437 impugnare,
552 398 592 428 (10
617 402 648 429 et
672 398 814 429 concedo
839 398 930 428 dictis
955 398 1213 438 ltu-ocuratoribus
1237 399 1316 428 meis
1347 398 1397 429 vel
1427 398 1526 428 tribus
1555 410 1596 429 cx
1625 400 1669 430 eis
1694 400 1821 440 plenam

175 454 206 481 et
236 450 369 481 liberam
400 453 593 491 potestatem
625 460 661 480 ac
690 450 830 490 speciale
859 449 1046 480 mandatum
1075 449 1280 490 promittendi
1308 451 1435 480 nomine
1468 460 1540 480 meo
1574 455 1606 481 et
1639 451 1759 482 iurandi
1792 453 1822 482 in

174 503 313 532 animam
339 512 460 537 meam,
491 506 591 539 quod*,
624 506 748 539 quandiu
777 506 850 532 idem
874 506 1030 532 Ludovicus
1055 506 1083 532 in
1106 506 1265 532 huiusmodi
1289 505 1418 539 perfidia,
1452 506 1555 537 heresi,
1588 507 1730 538 scismate,
1762 516 1822 541 per-

173 558 288 589 tinacia,
313 558 472 584 excessibus
497 560 525 584 et
548 557 711 584 criminibus
735 557 913 591 permanebit
943 559 972 584 et
995 557 1119 591 quandiu
1143 557 1300 583 subiacebit
1324 557 1403 591 penis
1428 560 1456 584 et
1480 558 1631 584 sentenciis
1655 559 1822 592 supradictis

174 610 203 636 et
226 609 350 643 quandiu
375 609 429 635 erit
453 611 532 635 extra
555 609 678 642 graciam
703 609 777 635 dicte
802 609 888 640 sedis,
919 609 1025 635 nullam
1049 609 1222 640 amiciciam,
1247 609 1429 639 societatem,
1458 609 1730 641 confederationem,
1761 620 1821 644 pac-

173 661 293 691 tionem,
327 661 537 695 colligationem
563 661 606 686 vel
630 661 716 694 ligam
740 670 802 687 cum
826 670 858 687 eo
883 661 998 692 faciam,
1027 662 1056 687 ct,
1084 661 1108 686 si
1131 661 1240 694 aliquas
1264 661 1400 687 hactenus
1424 661 1565 692 fecissem,
1597 661 1636 687 eis
1667 662 1699 688 de
1729 664 1822 688 cetero

174 721 230 739 non
254 717 325 739 utar.
372 708 453 740 Item
479 708 518 738 do
544 709 589 739 eis
613 708 663 738 vel
687 707 787 738 tribus
811 718 851 738 ex
875 709 920 738 cis
941 711 1135 748 potestatem
1160 711 1192 738 ct
1208 707 1404 746 mandatum,
1428 711 1463 738 ut
1486 718 1591 748 supra.
1617 709 1822 748 promittendi

175 763 206 792 et
229 759 351 790 iurandi
376 760 502 790 nomine
528 770 599 790 meo
624 762 655 789 et
679 760 709 789 in
734 760 873 790 animam
898 770 1017 798 11101101,
1043 764 1117 797 quod
1141 764 1246 790 nullam
1270 764 1455 798 parentelam,
1481 764 1755 797 consanguinitatem
1780 766 1823 791 vel

174 816 343 842 affinitatem
375 825 436 842 cum
466 816 607 842 Ludovico
638 816 748 849 prefato
780 824 830 841 nec
860 815 1070 841 matrimonium
1102 816 1144 841 vel
1176 815 1318 849 sponsalia
1341 815 1437 848 aliqua
1465 817 1514 841 aut
1538 816 1727 849 parentelam,
1759 826 1821 843 con-

176 867 397 901 sanguinitatem
422 867 465 893 vel
489 867 657 893 affinitatem
688 876 749 893 cum
773 867 869 900 aliquo
899 867 941 893 vel
966 867 1061 900 aliqua
1091 876 1138 893 seu
1162 867 1303 900 aliquibus
1331 867 1365 892 ab
1394 867 1491 893 eodeni
1516 867 1655 893 Ludovico
1681 877 1729 901 per
1753 877 1822 894 mas-

176 919 297 945 culinam
328 919 372 945 vel
396 919 559 945 femininam
589 919 693 945 lineam
723 919 957 945 descendentibus
982 919 1147 945 contraham
1172 919 1297 945 Romano
1322 919 1454 952 pontifice
1478 919 1637 945 inconsulto
1666 922 1694 945 et
1718 920 1822 953 absque

176 971 263 1005 ipsius
287 971 360 997 sedis
384 971 502 997 licencia
526 971 654 1004 spcciali;
678 979 729 996 nec
753 970 843 997 eidem
870 971 1008 997 Ludovico
1034 971 1190 1002 consilium,
1215 971 1351 997 auxilium
1375 971 1418 997 vel
1444 971 1567 997 favorem
1592 971 1751 1004 impendam
1775 980 1823 1004 per

174 1032 217 1049 me
243 1023 285 1049 vel
317 1023 402 1048 alium
432 1031 479 1048 seu
504 1022 574 1048 alios
605 1022 710 1048 directe
736 1023 778 1048 vel
803 1022 948 1054 indirecte,
974 1022 1084 1056 publice
1110 1023 1152 1048 vel
1177 1024 1298 1051 occulte:
1331 1023 1398 1056 quin
1422 1032 1486 1056 ymo
1511 1023 1628 1049 eundem
1654 1023 1823 1049 [udovicum

174 1075 255 1101 iuxta
278 1074 401 1108 ipsorum
426 1083 605 1108 processuum
622 1073 829 1100 continenciam
854 1074 922 1100 totis
946 1074 1014 1100 meis
1040 1074 1144 1100 viribus
1162 1075 1341 1108 impugnabo,
1367 1075 1534 1108 ex1‘›1ignal›o
1559 1076 1587 1100 et
1611 1083 1770 1108 persequar,
1795 1077 1823 1101 et

174 1134 257 1160 super
280 1126 334 1152 hiis
358 1125 459 1151 faciam
483 1125 612 1151 totaliter
635 1127 662 1151 et
687 1125 802 1151 realiter
826 1127 854 1151 et
878 1126 1030 1152 efficaciter
1054 1135 1134 1160 posse
1159 1136 1258 1152 meum.
1297 1122 1346 1152 Do
1365 1122 1493 1162 insuper
1517 1122 1562 1151 eis
1586 1121 1635 1152 vel
1661 1119 1759 1151 tribus
1784 1133 1822 1152 ex

175 1174 219 1203 cis
243 1173 379 1203 similem
405 1176 595 1213 potestatem
622 1176 654 1203 et
677 1172 861 1203 mandatum
888 1173 1095 1213 promittendi
1123 1177 1156 1203 et
1180 1173 1303 1204 iurandi
1328 1184 1398 1203 meo
1425 1174 1549 1203 nomine
1575 1176 1606 1203 ot
1631 1174 1659 1203 in
1684 1174 1822 1204 animam

173 1235 289 1259 meam,
314 1235 364 1255 1110.
390 1225 544 1265 premissa
569 1229 663 1255 onmia
691 1231 719 1255 et
747 1229 857 1261 singula
887 1238 919 1255 ex
945 1229 1035 1255 causis
1059 1230 1193 1263 predictis
1221 1232 1250 1256 et
1281 1230 1316 1255 ob
1347 1238 1393 1255 eas
1424 1230 1505 1255 modo
1530 1229 1656 1263 predicto
1688 1231 1765 1256 reeta
1795 1232 1823 1256 et

174 1290 243 1315 pura
266 1281 331 1312 fide,
361 1281 421 1307 sine
446 1281 521 1307 omni
545 1281 609 1307 dolo
638 1283 667 1307 et
690 1281 807 1307 fraude*
832 1281 984 1307 efficaciter
1008 1284 1183 1307 servaturum
1209 1286 1237 1307 et
1261 1282 1465 1315 ‹onmis—mrum
1490 1283 1550 1307 toto
1575 1290 1668 1315 posse,
1698 1283 1726 1307 et
1749 1282 1821 1315 quod

173 1334 270 1360 contra
295 1333 447 1367 predicta
471 1333 514 1359 vel
539 1341 634 1359 corum
658 1333 753 1366 aliqua
778 1342 826 1366 per
850 1342 893 1358 me
918 1333 960 1359 vel
985 1333 1070 1359 ulium
1102 1342 1148 1359 seu
1173 1333 1243 1359 alios
1268 1333 1373 1358 diret-te
1399 1333 1441 1358 vel
1465 1332 1613 1364 indirecte,
1646 1333 1755 1367 publice
1781 1333 1822 1359 vei

174 1385 282 1411 occulte
308 1385 404 1418 aliqua
428 1385 546 1415 ratione,
572 1384 718 1410 occasione
744 1385 786 1410 vel
811 1393 902 1415 causa,
930 1385 1042 1417 ingenio
1068 1385 1110 1410 vel
1135 1385 1226 1411 colore
1251 1385 1412 1410 nullatenus
1437 1384 1554 1410 veniam.

283 1432 371 1462 Dans
389 1432 610 1462 nichilominus
629 1436 660 1461 et
677 1432 855 1462 concedens
872 1433 1100 1472 prenominatis
1118 1432 1376 1472 1110011111101111110
1394 1432 1472 1462 meis
1491 1431 1538 1461 vel
1558 1431 1656 1462 tribus
1673 1432 1823 1472 ipsorum,

131 1492 143 1510 ι’
175 1484 228 1524 qui
254 1487 419 1524 presentes
438 1484 562 1514 fuerint.
588 1483 714 1524 plenam
740 1488 772 1513 et
789 1483 921 1513 liberam
941 1488 1131 1524 potestatem
1158 1484 1264 1513 omnia
1287 1483 1350 1513 alia
1369 1483 1514 1517 faciendi,
1540 1483 1654 1523 agendi
1680 1486 1711 1513 et
1732 1494 1823 1513 exer-

175 1535 276 1568 cendi,
301 1546 362 1575 que
387 1535 469 1565 cirea
494 1536 647 1574 premissa
673 1540 704 1565 et
727 1535 895 1575 quodlibet
918 1546 1027 1566 eorum
1052 1547 1088 1565 ae
1106 1536 1287 1565 firmitatem
1313 1535 1487 1565 eorundem
1506 1535 1685 1565 necessaria
1709 1535 1824 1564 fuerint

173 1587 222 1617 vel
242 1586 482 1627 quomodolibet
499 1590 665 1626 oportuna,
683 1587 805 1617 etiamsi
829 1587 914 1619 talia.
933 1598 993 1627 que
1012 1587 1196 1617 mandatum
1215 1587 1378 1627 requirant
1394 1586 1544 1627 speciale,
1569 1587 1757 1626 promittens
1774 1597 1823 1616 me

174 1642 293 1669 ratum.
327 1642 452 1679 gratum
482 1641 512 1667 et
536 1639 659 1668 tirmum
686 1639 850 1679 perpetuis
874 1639 1071 1679 temporibus
1095 1639 1290 1670 habiturmn.
1316 1638 1464 1679 quiequid
1490 1639 1518 1667 in
1545 1642 1576 1667 et
1600 1637 1639 1667 ‹le
1664 1638 1824 1677 premissis

175 1690 320 1720 omnihus
345 1693 376 1719 et
400 1690 532 1729 singulis
556 1701 613 1730 per
629 1689 731 1720 dictos
748 1697 971 1730 procuratores
993 1702 1081 1721 meos
1105 1694 1159 1720 aut
1184 1694 1247 1720 tres
1265 1691 1415 1730 ipsoruim
1441 1691 1493 1730 qui
1511 1693 1675 1730 presentes
1699 1689 1823 1727 fuerint7

177 1741 383 1780 promissum.
408 1741 560 1777 iuratum,
587 1741 719 1775 factum,
744 1742 910 1781 prestitum
936 1742 1030 1772 fuerit
1058 1747 1113 1772 aut
1137 1752 1331 1771 cmnffessum.
1372 1742 1454 1772 Volo
1480 1742 1607 1781 insuper
1634 1740 1728 1770 salvis
1753 1750 1823 1780 pre-

175 1792 287 1826 missis,
313 1791 397 1833 quod
415 1791 548 1832 predicti
568 1796 789 1832 procuratores
813 1797 867 1823 aut
882 1794 984 1823 nuncii
1010 1794 1070 1823 mei
1098 1794 1217 1833 possint
1241 1804 1350 1823 omnes
1369 1793 1492 1824 insimul
1517 1797 1572 1823 aut
1597 1796 1659 1822 tres
1685 1792 1822 1831 ipsorum

174 1843 280 1873 facere
305 1844 558 1884 procuratmium
584 1844 710 1883 fortius,
743 1855 837 1885 quam
863 1845 928 1874 {ieri
955 1846 1088 1885 poterit,
1120 1845 1247 1875 nominc
1278 1856 1349 1875 11100
1382 1848 1413 1875 et
1441 1845 1469 1874 in
1500 1854 1636 1884 persona
1666 1854 1736 1873 mea
1765 1842 1822 1872 sub

174 1894 286 1935 sigillis
311 1905 420 1924 eorum
446 1895 486 1925 ad
511 1895 655 1935 predicta
679 1895 840 1931 facienda,
870 1897 894 1925 si
919 1896 1063 1927 1101110111»Υ
1087 1896 1202 1937 aliquis
1234 1897 1328 1926 fuerit
1356 1897 1385 1926 in
1412 1896 1582 1937 premissis.
1629 1895 1663 1925 ln
1689 1905 1821 1935 quorum

175 1946 314 1976 onmium
342 1946 471 1976 evidens
501 1947 716 1977 testimonium
747 1951 779 1978 et
807 1947 903 1978 robur
932 1952 1096 1988 presentes
1128 1948 1250 1978 litteras
1279 1948 1395 1978 exinde
1430 1958 1486 1988 per
1519 1947 1689 1977 discretum
1722 1947 1821 1976 virum

174 1997 395 2028 Isembardum
422 1997 460 2028 de
482 1999 639 2038 Antringa
663 1999 840 2039 apostolica
865 2003 896 2029 et
921 2000 1077 2040 imperiali
1098 2001 1289 2030 auctoritato
1315 1999 1474 2040 publicum
1500 2010 1535 2029 ac
1561 1999 1644 2028 clare
1668 1998 1821 2028 1110010110

174 2048 291 2079 domini
310 2049 459 2079 Iohannis
477 2051 561 2090 regis
577 2050 710 2080 Boemie
729 2050 859 2081 illustris
882 2052 1035 2091 genitoris
1060 2053 1122 2082 mei
1147 2053 1303 2082 notarium
1322 2051 1531 2091 subscriptum
1551 2051 1660 2080 confici
1686 2053 1717 2079 et
1743 2048 1821 2089 pub-

173 2100 261 2131 licari
285 2112 321 2131 ac
346 2100 440 2141 sigilli
465 2102 525 2131 mei
544 2102 779 2132 marchionatus
796 2102 949 2137 Moravie,
976 2114 1037 2143 11011
1062 2102 1166 2133 adhue
1190 2106 1270 2133 utor.
1296 2103 1492 2143 appensione
1517 2101 1723 2141 eiusdemque
1748 2100 1820 2130 sub—

173 2152 344 2192 scriptione
369 2156 400 2183 et
425 2153 515 2193 signo
540 2153 653 2183 notarii
679 2154 738 2184 feci
763 2154 960 2184 communiri.

280 2204 397 2234 Datum
423 2209 455 2234 et
478 2207 583 2235 actum
608 2205 692 2245 apud
717 2206 878 2236 civitatem
895 2205 1130 2236 Yirdunensem
1155 2206 1185 2236 in
1209 2206 1282 2236 aula
1306 2205 1481 2246 episcopali
1508 2216 1589 2235 anno
1614 2215 1632 2234 a
1657 2203 1820 2234 nativitate

174 2255 302 2286 Domini
326 2256 494 2287 millesimo
520 2257 742 2287 trecentesimo
769 2257 1014 2298 quadragesimo
1032 2261 1134 2297 sexto,
1159 2257 1330 2287 indictione
1348 2257 1468 2295 XIIII„
1491 2257 1607 2286 mensis
1625 2254 1822 2295 Septembris

174 2306 224 2337 die
249 2307 370 2342 ultima,
396 2308 595 2348 presentibus
620 2308 739 2339 ibidem
764 2309 940 2350 magnificis
965 2313 996 2339 et
1020 2309 1203 2349 Intuentibus
1228 2310 1301 2339 viris
1326 2309 1460 2339 dominis
1481 2308 1651 2338 Frederico
1677 2307 1755 2336 duce
1781 2305 1819 2335 de

174 2357 304 2388 Techke
329 2363 361 2389 ct
378 2358 519 2389 Iohanne
544 2360 659 2390 comite
685 2360 724 2390 de
742 2359 857 2390 Salmis
881 2371 918 2390 ac
942 2360 1100 2391 nobilibus
1124 2361 1198 2390 viris
1216 2361 1357 2391 Iohanne
1383 2360 1511 2390 domino
1536 2359 1575 2389 de
1593 2356 1819 2389 Meckelburch

174 2412 206 2438 et
230 2409 371 2440 Iohanne
403 2410 531 2441 domino
561 2410 599 2441 de
624 2411 831 2441 Beaurewart
861 2412 1037 2442 senascallo
1063 2412 1232 2442 comitatus
1256 2413 1318 2442 mei
1342 2411 1646 2451 Lucemburgensis7
1678 2409 1819 2439 Iohanne

173 2459 300 2491 domino
325 2461 364 2492 de
389 2462 481 2502 Rupe.
506 2472 542 2493 ac
566 2462 739 2503 Rodulpho
764 2463 803 2493 de
820 2463 955 2493 XVarten
980 2463 1147 2501 militibus,
1173 2463 1307 2494 testibus
1332 2463 1372 2493 ad
1397 2463 1550 2503 premissa
1575 2461 1693 2491 vocatis
1717 2460 1818 2500 speei-

174 2511 266 2543 alitcr
290 2516 321 2543 et
345 2514 473 2553 rogatis.

281 2564 324 2602 (S.
339 2564 390 2601 N.)
415 2564 457 2595 Et
479 2576 539 2606 ego
560 2565 764 2596 Isembardus
781 2565 902 2596 Mathai
927 2565 1085 2606 quondam
1111 2566 1149 2597 de
1168 2567 1324 2606 Antringa
1348 2566 1480 2596 clericus
1497 2564 1649 2595 Metelisis
1674 2562 1816 2596 diocesia

173 2613 318 2654 publicus
342 2616 518 2656 apostolica
543 2620 574 2647 ct
598 2617 755 2657 imperiali
779 2618 967 2648 anchin-itate
989 2618 1139 2655 1101111103,
1164 2618 1238 2658 quia.
1255 2620 1494 2658 procuratorum
1512 2615 1726 2656 ]›1-‹:=‹lict01·um
1744 2623 1816 2643 con-

174 2665 337 2705 stitutioni7
363 2667 564 2705 ordinationi,
589 2669 758 2708 potestatis
776 2673 807 2698 et
827 2669 969 2699 mandati
987 2670 1184 2699 concessioni
1208 2672 1239 2699 et
1260 2669 1298 2699 de.
1322 2672 1424 2699 ratum
1448 2667 1596 2698 habendo
1619 2664 1814 2706 promissioni

174 2726 210 2746 ac
235 2718 381 2748 omnibus
405 2719 475 2749 aliis
499 2724 530 2750 ct
554 2719 684 2759 singulis
709 2721 931 2761 suprascriptis
954 2731 1016 2750 una
1040 2730 1111 2751 cum
1136 2721 1364 2760 prenominatis
1385 2719 1518 2749 testibus
1541 2729 1669 2758 presens
1689 2714 1815 2746 interfui

177 2777 277 2808 eaque
292 2771 397 2801 omnia.
414 2774 446 2801 et
459 2772 592 2812 singula.
611 2772 685 2802 dum
700 2782 756 2811 per
769 2772 906 2803 eundem
924 2772 1086 2803 dominum
1101 2771 1251 2802 Carolum
1269 2773 1298 2802 in
1317 2782 1424 2812 regem
1439 2771 1653 2801 Romanorum
1669 2768 1814 2798 electum.
