2189 2984
639 141 734 167 ACTA
754 140 867 167 REGNI
887 141 1023 167 KAROLI
1045 142 1090 168 IV.
1129 142 1201 168 1347.
1239 142 1287 168 Nr.
1301 142 1359 169 ⁶227.
1378 143 1435 169 228.
1456 144 1514 170 229.
1838 150 1898 179 285

247 229 281 256 et
304 226 402 266 ipsius
426 226 559 258 ecclesie
589 230 773 267 reputantes
797 227 839 258 ad
864 238 916 267 ea,
942 238 1003 268 que
1026 230 1080 258 tue
1107 228 1218 258 salutis
1242 231 1274 259 et
1302 228 1431 260 honoris
1455 230 1591 261 comoda
1614 232 1798 272 respicient„
1831 245 1897 273 nos,

242 280 399 318 quantum
423 287 493 308 cum
518 278 588 309 Deo
612 288 670 318 per
693 289 750 308 nos
773 278 841 309 fieri
870 279 999 319 poterit,
1030 280 1172 319 reperies
1203 280 1397 311 favorabiles
1428 284 1459 311 et
1491 281 1659 323 benignos,
1694 283 1896 315 nobilitatem

242 332 393 369 rogantes
422 328 572 368 eandem,
604 332 761 369 quatenus
791 330 953 360 carissimo
977 331 1008 360 in
1033 330 1160 360 Christo
1191 331 1255 361 filio
1284 335 1391 362 nostro
1416 332 1532 363 Carolo
1557 334 1625 374 regi
1649 333 1895 375 Roman(borum)

242 379 357 410 illustri
381 380 517 419 auxiliis,
542 380 681 411 consiliis
706 384 737 412 et
760 381 922 412 favoribus
947 383 1111 422 oportunis
1136 383 1275 412 assistas.

204 450 215 468 5
353 439 472 471 Datum
498 440 655 471 Avinione
680 441 742 472 III.
765 441 837 472 Kal.
863 441 949 481 Maii,
974 452 1055 472 anno
1081 443 1201 483 quinto.

640 584 724 619 228.
768 585 925 620 Litterae
953 587 1001 620 ad
1026 587 1212 621 (iecissem.
1242 606 1293 610 —
1324 587 1412 630 Apr.
1434 589 1495 621 29.

348 662 473 693 Ibidem
495 672 543 693 nr.
583 662 681 693 2471.
728 662 906 702 Descripsit
929 663 970 695 H.
992 663 1069 695 Otto.
1096 683 1136 687 —
1165 664 1256 695 Eztr.
1283 663 1459 704 Werunslcy
1484 665 1564 703 14&
1591 665 1710 696 Riezler
1733 666 1827 697 2324.
1854 685 1894 690 —

240 714 373 745 Notavit
395 714 549 746 Klicmcm
571 714 644 746 874.
670 733 710 736 —
734 715 906 746 Ineditzcm.

348 774 423 814 Rey.
441 774 514 813 imp.
536 774 625 805 VIII
644 774 757 805 deste
779 786 828 806 nr.
848 776 919 805 195.

198 876 221 896 ¹0
347 869 473 900 Dilecto
497 870 527 899 in
553 868 678 900 Christo
703 869 766 900 filie
792 869 891 900 nobili
914 870 1040 900 mulieri
1064 870 1208 901 Iohanne
1233 871 1356 902 ducisse
1382 871 1521 902 Austrie.

347 920 536 952 Presentate
561 920 651 951 nobis
672 932 772 962 nuper
796 924 848 952 tue
873 921 1048 952 nobilitatis
1072 922 1177 953 littere
1202 922 1417 961 continebant,
1443 922 1538 964 quod,
1564 924 1637 964 quia
1654 923 1835 954 Ludovicus
1853 924 1892 955 de

238 973 377 1003 Bavaria
405 972 465 1003 hiis
496 972 608 1003 diebus
636 974 797 1013 preteritis
827 973 867 1003 ad
898 973 1027 1004 domum
1056 973 1165 1004 dilecti
1194 974 1249 1004 filii
1278 974 1392 1004 nobilis
1416 975 1473 1004 viri
1498 974 1624 1004 Alberti
1652 974 1740 1005 ducis
1764 976 1891 1007 Austrie

237 1025 296 1055 viri
321 1025 365 1055 tui
390 1027 422 1055 et
446 1027 532 1054 tuam
557 1035 619 1055 non
643 1025 793 1055 invitatus
817 1025 947 1055 veniens
971 1035 1078 1055 secum
1103 1025 1215 1055 habuit
1240 1025 1399 1066 colloquia
1429 1026 1611 1056 amicabilia
1640 1027 1670 1056 in
1694 1027 1780 1057 nullo
1806 1028 1891 1058 curie

236 1075 383 1107 Romane
408 1075 646 1116 preiudicancia
667 1076 906 1117 quoquomodo,
930 1080 1080 1117 pretextu
1104 1076 1259 1107 adventus
1284 1080 1316 1107 et
1338 1077 1557 1108 collocutionis
1574 1077 1755 1108 huiusmodi
1772 1079 1892 1109 nullam

194 1136 216 1154 1⁵
237 1128 393 1159 vellemus
409 1131 519 1158 contra
536 1128 640 1168 ipsum
657 1127 769 1158 ducem
788 1129 946 1158 sinistram
968 1129 1175 1168 suspitionem
1200 1128 1329 1167 habere,
1354 1139 1425 1159 cum
1443 1129 1528 1159 idem
1546 1129 1611 1159 dux
1628 1130 1891 1170 predecessorum

238 1190 368 1211 suornm
401 1179 577 1210 inherendo
614 1181 767 1221 vestigiis,
808 1181 839 1211 in
889 1181 1050 1219 omnibus,
1094 1191 1155 1221 que
1192 1185 1301 1211 sancte
1334 1181 1480 1211 Romane
1515 1181 1649 1211 ecclesie
1693 1184 1889 1212 concernunt

235 1231 408 1262 comodum
433 1234 466 1262 et
482 1231 646 1267 honorem,
671 1243 704 1263 se
722 1235 824 1263 totum
848 1232 907 1262 sibi
932 1232 1018 1263 filiali
1044 1232 1213 1263 affectione
1239 1233 1402 1264 desideret
1426 1233 1636 1263 conformare.
1692 1232 1789 1272 Sane,
1815 1233 1889 1271 filia,

235 1284 380 1325 quamvis
404 1284 521 1324 prefati
538 1283 694 1314 Ludovici
719 1283 758 1315 de
783 1284 890 1314 multis
914 1284 1062 1315 heresum
1088 1288 1119 1315 et
1142 1285 1325 1315 scismatum
1351 1285 1534 1315 criminibus
1558 1285 1791 1315 sententialiter
1814 1295 1888 1315 con-

234 1335 399 1376 dempnati
424 1346 460 1366 ac
484 1335 617 1365 diversis
642 1336 1007 1366 excommunicationum
1032 1337 1198 1367 sententiis
1220 1336 1361 1367 innodati
1384 1336 1578 1377 colloquium
1602 1337 1777 1376 cuicunque
1802 1336 1890 1366 fideli

189 1398 214 1417 20
234 1387 328 1418 valde
353 1387 568 1427 periculosum
593 1387 723 1423 existat,
750 1387 824 1428 quia
848 1391 954 1418 tamen
980 1387 1019 1418 de
1044 1388 1169 1428 prefato
1195 1388 1275 1419 duce
1301 1388 1503 1427 confidimus,
1536 1388 1621 1429 quod
1646 1388 1689 1418 nil
1713 1399 1768 1418 sue
1794 1388 1888 1418 saluti

231 1440 339 1469 anime
363 1439 524 1479 statuique
548 1449 702 1479 prospero
726 1440 930 1478 contrarium,
955 1440 1122 1480 presertim
1148 1441 1178 1470 in
1202 1440 1263 1471 Dei
1289 1444 1320 1470 et
1337 1440 1483 1470 Romane
1508 1439 1643 1470 ecclesie
1668 1440 1814 1469 iniuriam
1838 1440 1889 1469 vel

232 1489 401 1529 offensam,
433 1489 677 1531 quomodolibet
701 1494 923 1531 attemptaret,
950 1500 990 1521 ex
1014 1492 1177 1531 premissis
1203 1493 1233 1522 in
1258 1491 1349 1522 dietis
1374 1493 1435 1522 tuis
1460 1492 1573 1522 litteris
1598 1492 1754 1522 contentis
1778 1495 1888 1521 contra

230 1541 336 1582 ipsum
362 1542 575 1582 suspitionem
599 1543 792 1573 contrariam
816 1553 878 1573 non
896 1543 1100 1583 concepimus
1124 1554 1182 1573 nec
1199 1543 1369 1576 habe1nus;
1395 1544 1470 1584 quin
1494 1544 1591 1573 immo
1616 1544 1718 1583 ipsum
1738 1542 1888 1573 devotum

232 1596 375 1623 nostrum
405 1597 437 1624 et
464 1594 561 1634 ipsius
589 1593 723 1624 ecclesie
748 1597 932 1634 reputantes
963 1594 1003 1624 ad
1029 1604 1081 1631 ea,
1111 1605 1172 1635 que
1196 1604 1253 1625 sue
1278 1595 1389 1625 salutis
1418 1598 1450 1624 et
1474 1594 1602 1624 honoris
1627 1593 1762 1624 comoda
1786 1594 1885 1634 respi-

189 1658 214 1677 25
234 1645 331 1682 cient,
364 1655 438 1684 nos,
469 1648 622 1686 quantum
647 1656 717 1676 eum
742 1645 813 1676 Deo
838 1656 896 1686 per
925 1656 982 1675 nos
1012 1646 1080 1676 fieri
1105 1647 1236 1686 poterit,
1267 1647 1405 1686 reperiet
1436 1645 1629 1676 favorabiles
1660 1648 1692 1676 et
1722 1644 1888 1686 benignos.

234 1696 354 1727 Datum
377 1700 416 1727 ut
440 1707 563 1737 supra.

301 1914 375 1949 229.
412 1914 508 1950 CLE
516 1914 556 1949 M
565 1915 691 1951 EJTI
700 1916 724 1948 S
755 1915 818 1951 VI.
851 1915 1005 1951 LITTE
1013 1916 1117 1951 ΒΑΕ
1147 1916 1179 1951 Β
1187 1916 1216 1950 Ε
1224 1915 1484 1951 RTRANDO
1510 1915 1615 1951 CAR
1623 1914 1681 1949 DI
1689 1915 1814 1949 NALI

790 1971 852 2006 LE
861 1971 1004 2007 GATO
1033 1971 1088 2006 DI
1098 1971 1131 2006 R
1140 1972 1169 2006 E
1178 1970 1327 2006 CTAE.

902 2048 1008 2083 1347.
1048 2049 1137 2093 Apr.
1160 2049 1218 2084 30.

190 2158 215 2178 ³⁰
342 2151 416 2191 Rey.
441 2151 584 2182 Vat1'can.
603 2152 664 2182 140
681 2151 790 2184 (Clam.
814 2151 867 2182 1⁷1.
883 2162 956 2183 seer.
974 2163 1003 2185 a.
1024 2152 1074 2184 Γ.)
1097 2154 1120 2190 f.
1138 2154 1210 2183 :272¹
1233 2164 1281 2183 nr.
1301 2153 1393 2183 1224.
1437 2151 1576 2183 (thzdit
1592 2151 1634 2182 H.
1652 2150 1729 2183 Otto.
1754 2169 1796 2172 —
1819 2151 1882 2182 Ed.

236 2203 378 2241 Theiner,
410 2202 519 2234 Vetera
543 2203 752 2234 Blommzenta
778 2203 965 2243 Hunyariae
989 2204 1015 2241 I,
1042 2204 1103 2234 738
1126 2215 1175 2235 nr.
1196 2206 1286 2235 1109.
1314 2224 1352 2226 —
1376 2203 1470 2234 Exlr.
1488 2203 1642 2234 Klicman
1667 2204 1728 2233 375
1740 2203 1762 2232 2.

338 2297 465 2328 Dilecto
498 2297 562 2327 filio
587 2297 765 2328 Bertrando
790 2298 872 2329 tituli
903 2299 1002 2329 sancti
1026 2298 1148 2329 Marchi
1179 2298 1357 2339 presbitero
1390 2298 1558 2335 cardinali,
1590 2298 1765 2339 apostolice
1797 2298 1882 2330 sedis

233 2348 351 2388 legato.

339 2399 491 2430 Diversas
515 2403 568 2430 tue
593 2400 762 2440 prudentie
780 2400 902 2430 litteras
926 2411 945 2431 a
968 2401 1029 2432 fine
1054 2402 1170 2432 mensis
1187 2401 1353 2432 Februarii
1371 2403 1516 2442 proximo
1535 2402 1678 2442 preteriti
1696 2402 1774 2432 citra
1791 2401 1881 2432 nobis

189 2457 213 2477 ³⁵
235 2449 368 2481 diversis
393 2451 590 2492 temporibus
615 2455 646 2482 et
662 2452 783 2482 vicibus
808 2455 1008 2492 presentatas
1032 2453 1210 2494 recepimus
1235 2457 1267 2484 et
1291 2456 1441 2483 contenta
1464 2454 1493 2482 in
1519 2454 1564 2483 eis
1581 2453 1676 2493 pleno
1694 2453 1880 2493 collegimus

231 2502 411 2535 intellectu:
442 2506 474 2533 et
505 2502 579 2533 licet
609 2514 705 2544 super
735 2503 894 2544 aliquibus
923 2504 1109 2534 earumdem
1139 2504 1411 2544 responder'imUS,
1443 2505 1523 2534 sicut
1552 2504 1687 2535 vidimus
1716 2505 1879 2545 expedire,

232 2552 363 2583 diversis
386 2553 459 2584 inde
484 2554 542 2584 tibi
565 2554 679 2585 litteris
703 2555 878 2593 destinatis,
903 2555 1007 2586 adhuc
1031 2558 1152 2591 tamen,
1178 2558 1272 2596 prout
1300 2566 1341 2586 ex
1369 2555 1554 2586 earumdem
1583 2556 1759 2586 litterarum
1789 2555 1879 2586 nobis

231 2604 368 2634 occurrit
391 2604 563 2645 tenoribus,
588 2615 684 2646 super
707 2606 767 2636 hiis
792 2608 823 2636 et
846 2606 926 2644 aliis,
950 2609 985 2636 ut
1008 2606 1160 2647 sequitur,
1184 2607 1424 2647 respondemus

336 2714 359 2746 1)
380 2713 455 2745 Non,
480 2716 508 2738 ut
530 2721 634 2741 erronee
657 2717 779 2740 notatum
801 2714 875 2747 apud
899 2715 1039 2745 Klicman,
1064 2719 1136 2741 1:243.
1243 2717 1268 2741 2³
1299 2715 1348 2741 Ubi
1374 2724 1419 2748 per
1440 2724 1553 2742 errorem
1577 2719 1688 2741 notetur
1713 2715 1878 2741 ‘Halm-5022

188 2755 214 2773 4⁰
232 2762 275 2782 nr.
289 2757 348 2788 12';
365 2758 397 2790 cf.
418 2764 501 2789 supra
515 2766 544 2790 p.
558 2761 606 2784 282
624 2757 726 2784 linfes.
