2189 2984
347 155 386 183 52
819 152 913 178 ACTA
934 151 1044 178 REGNI
1065 150 1200 176 KAROLI
1222 150 1265 175 lV.
1304 149 1376 175 1346.
1416 148 1462 173 Nr.
1476 148 1516 174 31.

346 244 377 270 et
401 243 566 270 consumat
593 250 628 269 ac
658 239 800 269 detineat
829 238 968 269 indebite
994 241 1149 278 occupata
1177 238 1206 266 in
1238 238 1377 265 nostrum
1403 238 1434 265 et
1458 234 1633 274 apostolice
1658 233 1742 265 sedis
1767 238 1986 276 contemptum

345 302 465 332 sueque
502 291 585 322 fame
621 294 652 320 et
686 291 794 321 salutis
827 289 1026 330 dispendium
1062 292 1094 319 et
1128 289 1298 318 multarum
1338 287 1514 316 animarum
1554 286 1729 326 periculum
1768 296 1804 316 ac
1844 287 1987 317 eiusdem

345 343 530 383 Maguutiue
558 343 692 373 ecclesie
717 346 749 372 et
766 342 892 372 Gerlaci
909 341 1139 381 archiepiscopi
1161 339 1374 380 predictorum
1399 348 1496 378 grave
1522 337 1724 377 preiuditium
1749 341 1780 368 et
1803 338 1989 369 scandalum

346 394 564 434 plurimorum,
594 405 650 424 nos
682 393 839 429 volentes,
876 392 959 433 quod
988 392 1124 432 provisio
1153 394 1260 420 nostra.
1288 388 1467 419 huiusmodi
1496 388 1535 418 de
1567 399 1704 428 persona
1733 388 1809 419 dieti
1837 388 1987 420 Gerlacib

345 446 469 486 prefate
500 446 649 483 ecclesie,
678 448 711 474 ut
740 445 943 485 premittitur,
975 444 1056 474 facta
1090 442 1222 473 sublatis
1250 440 1486 481 impedimentis
1515 440 1707 481 quibuslibet
1737 451 1827 471 suum
1856 441 1986 481 plenum

345 499 495 528 sortiatur
519 497 677 532 effectum,
703 496 883 526 discretioni
908 500 1009 525 vestre
1035 505 1091 535 per
1115 493 1290 534 apostolica
1315 493 1431 532 scripta
1455 491 1652 531 maudamuS,
1678 495 1834 532 quatenus
1858 503 1913 522 vos
1937 492 1986 523 vel

346 549 408 579 (luo
434 553 487 579 aut
512 560 590 579 unus
614 552 753 578 vestrum
778 558 834 588 per
858 558 913 577 vos
938 547 986 576 vel
1011 546 1106 575 alium
1125 556 1180 575 scu
1204 545 1283 574 alios
1300 543 1424 584 prefato
1442 542 1578 573 Gerlaco
1596 543 1836 584 archiepiscopo
1854 543 1987 584 Magun—

346 601 410 630 tino
436 600 574 630 efficacis
599 599 792 630 defensionis
816 598 953 639 presidio
979 608 1072 637 super
1097 597 1155 626 hiis
1179 597 1362 626 assistentes
1385 594 1564 635 predictum
1587 594 1780 632 Henricum,
1806 596 1986 636 complices,

348 652 490 682 fautores
524 656 555 682 et
586 651 777 681 adherentes
807 650 909 680 cidem
943 660 978 679 ac
1008 651 1214 688 occupatores
1243 647 1321 677 alios
1351 650 1382 676 et
1412 646 1594 676 detentores
1622 657 1825 688 quoscunque
1855 647 1987 678 ecclesie

345 703 644 737 administrationis,
671 706 942 732 ornamentorum.
967 711 1113 730 vasorum
1142 703 1382 739 argenteorum,
1412 697 1593 738 opidorum,
1623 698 1779 736 villarum,
1804 702 1987 738 castrorum,

345 755 502 789 locorum,
538 755 651 784 iurium
688 757 719 783 et
754 753 906 783 boum-mn
943 751 1170 792 predictorum,
1201 754 1234 780 ut
1267 749 1372 780 eidem
1400 749 1536 780 Gerlaco
1566 749 1821 790 archiepiscopo,
1853 751 1987 785 vicariis,

345 806 535 836 officialibus
570 816 604 835 ac
642 804 898 846 procuratoribus
933 804 995 833 suis
1031 804 1097 832 eius
1125 803 1252 832 nomine
1282 802 1311 831 in
1342 801 1540 841 corporalem
1574 802 1807 841 possessionem
1837 805 1868 832 et
1898 803 1987 842 quasi

346 858 443 897 ipsius
482 857 616 887 ecclesie
653 857 837 895 Maguntiue
872 866 908 885 ac
943 854 1223 884 administrationis
1257 863 1380 883 necnon
1409 852 1589 893 opidorum,
1618 857 1807 891 castrorum,
1832 853 1986 894 villarum,

344 908 496 943 locorum,
523 909 636 938 iurium
663 911 694 937 ct
717 906 976 939 iulisdictionum,
1002 909 1258 935 ornamentorum
1284 914 1495 945 vasorumque
1520 908 1744 945 argenteorum
1776 907 1808 935 et
1832 905 1987 935 bonorum

345 970 617 1000 quorumcumque
644 959 857 999 predictmum
883 958 921 987 ad
948 957 1077 987 eosdem
1096 956 1266 986 Gerlacum
1290 955 1564 996 archiepiscopum
1590 960 1621 987 et
1644 957 1744 997 ipsam
1768 956 1987 997 Maguntinam

346 1010 515 1041 ecclesiam
541 1011 752 1051 spectantium
778 1010 904 1039 omnino
929 1009 1028 1039 libere
1054 1008 1180 1038 tradant
1204 1012 1235 1037 ct
1258 1009 1424 1038 restituant
1449 1012 1480 1038 et
1510 1009 1541 1038 in
1565 1018 1644 1048 pace
1669 1008 1829 1038 dimittant
1852 1009 1988 1039 nullum-

344 1073 406 1102 que
431 1062 695 1102 impedimentum
721 1062 845 1101 prefato
871 1060 1006 1090 Gerlaco
1032 1060 1271 1099 archiepiscopo
1301 1063 1355 1089 aut
1379 1060 1446 1089 eius
1470 1061 1608 1099 vicariis,
1634 1059 1834 1097 officialibus,
1863 1061 1988 1090 curiali-

346 1114 403 1144 bus
440 1117 494 1143 aut
524 1113 673 1153 gentibus
701 1123 756 1142 seu
786 1111 1043 1152 procuratoribus
1071 1112 1168 1151 ipsius
1198 1110 1325 1141 Gerlaci
1355 1111 1583 1152 archiepiscopi
1615 1111 1665 1141 vel
1693 1112 1786 1141 alicui
1816 1110 1989 1142 eorundem

346 1176 402 1205 per
426 1176 459 1195 se
479 1165 528 1195 vel
554 1164 650 1194 alium
679 1174 733 1193 seu
759 1163 847 1196 alios,
873 1163 992 1193 directe
1010 1163 1059 1193 vel
1084 1162 1247 1199 indirecte,
1272 1162 1396 1203 publice
1413 1163 1463 1193 vel
1482 1163 1603 1193 occulte
1621 1167 1764 1203 prestent
1780 1173 1836 1193 seu
1852 1163 1989 1193 inferant

345 1216 584 1257 quoquomodo,
603 1217 771 1256 quominus
796 1216 862 1256 ipse
881 1215 1035 1245 Gerlacus
1059 1214 1318 1254 archiepiscopus
1341 1224 1397 1254 per
1414 1225 1447 1245 se
1464 1225 1500 1244 ac
1518 1214 1647 1245 eosdem
1666 1215 1808 1251 vicarios,
1826 1214 1988 1249 officiales,

347 1269 481 1298 curiales
506 1278 542 1297 ac
568 1271 788 1308 procuratores
813 1279 884 1297 suos
909 1271 940 1297 et
964 1267 1043 1297 alios
1067 1266 1192 1307 prefate
1218 1266 1352 1296 ecclesie
1377 1266 1561 1307 Maguntine
1592 1277 1628 1297 ac
1653 1266 1933 1297 administrationis
1958 1271 1989 1297 et

347 1321 485 1350 omnium
512 1324 542 1350 et
567 1320 761 1359 singulorum
786 1319 962 1359 opidorum,
987 1322 1175 1350 castrorum,
1201 1318 1361 1356 villarum,
1386 1318 1545 1357 locorum,
1570 1319 1697 1357 iurium⁷
1726 1318 1987 1357 iurisdictionum,

347 1376 603 1401 ornamentorum
634 1381 846 1411 vasorumque
876 1374 1099 1410 argenteorum
1128 1373 1159 1400 et
1187 1370 1320 1400 aliorum
1349 1380 1608 1410 quorumcunque
1638 1380 1743 1400 rerum
1771 1374 1802 1401 et
1833 1370 1987 1401 bonorum

345 1422 559 1463 predictorum
582 1422 680 1453 libere
706 1433 741 1452 ac
761 1423 854 1462 plene
879 1423 1014 1462 assequi,
1040 1432 1192 1452 exercere
1209 1421 1316 1452 valeat
1340 1425 1372 1451 et
1388 1422 1519 1462 pacifice
1537 1422 1699 1462 possidere
1716 1433 1838 1452 necnon
1864 1447 1869 1453 .
1888 1447 1893 1453 .
1919 1433 1987 1453 sco-

345 1474 504 1508 lasticum,
530 1499 561 1504 ..
587 1477 764 1509 cantorem,
791 1499 820 1504 ..
847 1474 1096 1504 thesaurarium‘*
1121 1478 1152 1503 et
1183 1474 1355 1513 capitulum
1387 1484 1423 1503 ac
1454 1474 1622 1504 canonicos
1651 1477 1682 1504 et
1710 1474 1886 1514 singulares
1915 1485 1986 1514 per-

346 1537 440 1556 sonas
463 1537 499 1556 ac
524 1526 695 1561 vassallos,
721 1525 865 1556 homines
889 1526 1099 1563 femlatarios,
1129 1525 1241 1555 fideles
1271 1529 1303 1555 et
1326 1525 1469 1555 subditos
1500 1525 1622 1565 prefate
1648 1525 1781 1555 ecclesie
1805 1525 1989 1566 Maguntine

347 1581 379 1608 et
409 1579 535 1618 quosvis
565 1578 644 1607 alios
675 1578 806 1607 clericos
836 1581 867 1607 ct
897 1577 1019 1617 laycos,
1045 1578 1258 1617 cuiuscunque
1283 1578 1343 1607 sint
1367 1578 1611 1618 preeminentie,
1637 1577 1837 1615 conditionis,
1864 1577 1989 1611 orditus,

348 1629 509 1670 diguitatis
535 1634 565 1659 et
590 1633 699 1664 status,
724 1640 856 1670 quorum
882 1631 1014 1659 interest
1038 1640 1093 1660 seu
1118 1630 1270 1659 iuteresse
1296 1632 1400 1669 potest
1425 1630 1635 1659 communiter
1658 1629 1708 1659 vel
1733 1629 1866 1665 divisim,
1892 1630 1987 1659 etiam

347 1682 371 1710 si
397 1681 569 1721 episcopali
595 1681 644 1710 vel
669 1691 856 1721 ‹luas-umine
882 1680 941 1711 alia
967 1682 1121 1721 superiori
1147 1681 1196 1711 vel
1221 1681 1362 1711 infcriori
1388 1681 1590 1721 prefulgeant
1614 1680 1782 1721 dignitate,
1812 1681 1852 1711 de
1877 1680 1991 1721 quibus

347 1732 499 1772 expedire
524 1732 680 1765 videritis,
713 1736 746 1762 ut
769 1733 849 1762 iufra
874 1737 994 1762 certum
1020 1733 1268 1773 peremptorium
1294 1733 1461 1763 terminum
1487 1736 1739 1773 competentem,
1767 1743 1861 1773 quem
1886 1733 1930 1762 cis
1955 1736 1986 1763 et

347 1794 455 1813 eorum
481 1784 611 1824 singulis
636 1784 804 1816 duxeritis⁴
836 1789 928 1824 prout
958 1786 1042 1824 ipsos
1072 1789 1103 1815 ct
1128 1795 1235 1815 eorum
1269 1784 1409 1825 singulos
1438 1785 1591 1824 premissa
1621 1785 1804 1825 contingere
1829 1785 1988 1819 noveritisv

345 1835 578 1876 pretigeuduni,
609 1835 649 1865 ab
681 1835 863 1866 obedientia
895 1836 967 1866 dicti
999 1836 1129 1866 chrici
1163 1837 1289 1866 omnino
1319 1836 1474 1866 desistant
1505 1846 1561 1866 nec
1587 1837 1615 1866 ei
1641 1835 1791 1876 deinceps
1815 1846 1870 1866 seu
1894 1835 1985 1866 alicui

302 1916 308 1922 ,
347 1887 414 1915 eius
438 1888 563 1917 nomine
590 1891 735 1927 pretextu
760 1887 891 1917 alicuius
915 1888 1055 1928 homagii
1081 1898 1136 1918 seu
1160 1889 1327 1918 iuramenti
1351 1887 1512 1918 fidelitatis
1537 1887 1640 1918 eidem
1658 1888 1798 1918 Henrico
1824 1898 1880 1927 per
1904 1888 1988 1927 ipsos

347 1937 395 1967 vcl
421 1948 528 1968 eorum
554 1938 692 1978 aliquem
718 1940 838 1969 ratione
864 1939 913 1969 vel
938 1941 1103 1970 occasione
1129 1950 1233 1970 rerum
1252 1943 1283 1970 et
1303 1939 1456 1969 bonorum
1474 1940 1683 1979 spiritualium
1709 1943 1740 1969 et
1764 1939 1987 1979 temporalium

347 1989 386 2018 ad
416 1989 687 2030 archiel»iscopum
717 1990 936 2031 Maguntinum
971 1992 1021 2031 qui
1053 1995 1101 2021 cst
1130 2002 1185 2031 pro
1212 1996 1354 2031 tempore
1385 1995 1416 2021 ct
1447 1991 1615 2021 ecclesiam
1644 1992 1744 2031 ipsam
1770 1991 1988 2031 Maguntinam

347 2042 557 2080 spectantium
582 2053 637 2072 scu
662 2044 854 2072 moventium
879 2043 918 2072 ab
944 2042 1056 2072 eadem
1082 2043 1219 2083 prestiti,
1247 2053 1308 2083 que
1333 2042 1461 2083 quidem
1486 2043 1664 2072 iuramenta
1689 2046 1720 2072 et
1743 2042 1892 2082 homagia
1916 2042 1990 2072 licet

348 2096 525 2131 prestantes
550 2093 588 2122 ad
613 2093 866 2124 ‹›l;›servatione1u
892 2105 1000 2124 corum
1026 2095 1156 2125 ulterius
1181 2095 1309 2124 minime
1332 2097 1509 2132 tencantur,
1534 2104 1654 2124 necnon
1674 2104 1878 2134 quascunque
1901 2093 1988 2123 colli-

348 2145 502 2183 gationes,
528 2146 701 2184 pactiones,
726 2146 1001 2176 confederationes
1026 2150 1058 2176 et
1081 2146 1270 2176 societatcs⁴¹
1288 2156 1382 2186 super
1399 2146 1467 2185 hiis,
1486 2147 1580 2176 etiam
1605 2147 1629 2175 si
1655 2151 1759 2176 essent
1782 2146 1882 2186 penis,
1906 2146 1988 2175 iura-

349 2197 464 2224 mentis
488 2196 537 2225 vcl
562 2197 632 2226 aliis
656 2196 858 2227 firmitatibus
891 2197 1142 2238 quibuscumque
1167 2197 1300 2233 vallate,
1332 2198 1361 2227 in
1387 2198 1577 2227 contrarium
1606 2197 1711 2227 forsan
1742 2197 1825 2228 facte
1850 2201 1882 2227 et
1904 2197 1990 2231 inite,

349 2257 549 2281 revocamus,
583 2258 743 2278 cassamus
771 2254 803 2279 et
835 2250 1012 2279 anullamus
1045 2260 1080 2279 ac
1105 2249 1203 2287 nulla,
1229 2259 1318 2279 cassa
1343 2252 1374 2279 et
1397 2249 1485 2278 irrita
1508 2250 1703 2288 nuntiamus,
1726 2259 1825 2289 penas
1849 2248 1990 2278 adiectas

349 2305 379 2327 et
405 2299 579 2328 iuramenta
604 2311 699 2339 super
723 2302 883 2340 premissis
909 2302 1045 2341 prestita
1069 2301 1262 2334 relaxantes,
1287 2301 1434 2335 consiliis,
1459 2300 1585 2330 auxiliis
1602 2301 1652 2330 vel
1676 2300 1836 2331 favoribus
1862 2300 1989 2341 quibus-

350 2349 425 2380 libet
461 2350 588 2380 faveant
624 2351 866 2391 ‹promodolilwt
902 2353 952 2382 vel
989 2354 1151 2384 assistant.
1181 2352 1236 2382 sed
1268 2352 1372 2382 eidem
1402 2352 1558 2382 Gerlacoe
1588 2356 1622 2382 ut
1645 2362 1720 2382 vero
1751 2352 1990 2392 archiepiscopo

350 2400 535 2438 Maguntino
561 2412 596 2431 ac
623 2403 760 2435 vicariis,
786 2403 993 2436 ‹·›t'fi‹:ialib11s,
1019 2404 1205 2441 curialibus,
1230 2403 1487 2444 procuratoribus
1511 2408 1543 2433 et
1567 2403 1715 2443 gentibus
1739 2403 1865 2434 Gerlaci
1890 2403 1990 2434 archi-

351 2453 491 2492 cpiscopi
529 2453 660 2493 predicti
699 2459 730 2484 ct
765 2456 831 2485 cius
863 2457 988 2485 nomine
1025 2460 1166 2496 prestent
1201 2460 1232 2485 et
1267 2455 1441 2486 exhibeant
1471 2455 1687 2486 obedientiam
1717 2459 1749 2485 et
1779 2456 1991 2485 reverentiam

350 2503 490 2533 debitam
518 2508 550 2534 et
573 2504 720 2535 devotam
747 2517 782 2536 ac
806 2507 957 2547 homagia
982 2512 1013 2537 et
1036 2508 1096 2537 alia
1123 2508 1250 2537 servitia
1268 2512 1419 2537 consueta
1437 2508 1625 2537 auctoritate
1642 2506 1818 2547 apostolica
1834 2507 1991 2536 moneatis

351 2558 383 2584 et
412 2566 452 2585 ex
482 2560 571 2595 parte
601 2563 707 2587 nostra
738 2558 910 2588 efficaciter
933 2558 1097 2588 inducatis.
1145 2558 1238 2594 Quod
1267 2560 1292 2588 si
1317 2560 1397 2588 forte
1422 2559 1646 2589 monitionibus
1670 2559 1782 2588 vestris
1811 2557 1991 2588 huiusmodi

351 2616 463 2646 parere
489 2609 748 2648 contempserint.
774 2620 883 2639 omnes
910 2613 941 2639 et
965 2610 1105 2647 singulos
1130 2614 1193 2640 tam
1219 2609 1350 2640 clericos
1375 2621 1470 2650 quam
1495 2610 1618 2651 laycos,
1650 2611 1862 2650 cuiuscunque.
1887 2609 1989 2650 digni-

351 2659 438 2694 tatis,
474 2662 587 2690 status.
624 2659 740 2689 ordinis
775 2660 823 2690 vel
858 2661 1046 2691 conditionis
1077 2663 1226 2692 existant.
1257 2663 1352 2691 etiam
1383 2663 1407 2691 si
1440 2662 1612 2702 episcopali
1637 2661 1686 2692 ve]
1715 2671 1903 2702 quacunque
1928 2661 1990 2690 alia

454 2761 499 2786 31.
530 2762 553 2793 1·)
573 2764 672 2787 ΝΛΜ-υἱ
692 2764 724 2787 ΙΙ,
814 2768 834 2792 ⁰)
855 2766 1011 2789 thes-'uirium
1033 2765 1061 2789 R.
1152 2764 1176 2790 d,
1196 2766 1323 2789 societatis
1344 2765 1374 2789 Β.
1463 2765 1485 2791 θ)
1505 2766 1609 2790 Gelareo
1630 2765 1659 2789 R.

2009 711 2033 730 10

2008 970 2031 988 15»

2009 1230 2033 1248 ¹20

2007 1488 2031 1506 25

2005 1745 2030 1764 30

2008 2004 2031 2021 35

2010 2263 2034 2280 ⁴1)

2010 2519 2034 2536 45
