2189 2984
163 685 187 703 10

164 941 186 959 15

162 1389 187 1408 20

162 2032 186 2051 30

162 2288 186 2305 35

160 2543 188 2560 4⁰

649 126 745 152 ACTA
766 126 877 152 REGNJ
897 126 1032 152 KAROLI
1054 126 1098 152 IV.
1138 127 1211 152 1346.
1249 127 1295 153 Nr.
1309 128 1349 153 23.
1369 129 1409 154 24.
1816 135 1855 162 45

207 213 387 243 Romanam
413 212 635 242 iustoiudicio
661 212 701 242 ab
726 212 1005 252 archiepiscopatu
1030 212 1175 252 deposito
1193 213 1390 253 Maguntino,
1415 224 1473 244 neo
1498 225 1569 244 eum
1595 225 1651 254 pro
1670 215 1856 255 Magantino

208 264 448 304 archiepiscopo
479 263 609 301 tenebo,
635 263 761 294 habebo
790 263 840 293 vel
865 263 1109 303 quomodolibet
1132 264 1302 304 reputabo:
1333 265 1389 294 scd
1413 265 1575 295 (lominum
1601 265 1782 302 Gerlacum,
1808 268 1856 297 cui

208 326 265 355 per
295 315 413 345 dictum
443 314 605 344 dominum
630 318 771 344 nostrum
811 325 928 354 papam
958 318 1029 354 post
1057 315 1268 354 privationem
1298 320 1330 346 et
1358 316 1590 356 depositionem
1623 316 1698 346 dicti
1727 317 1856 347 Henrici

207 366 246 396 de
270 365 548 406 archiepiscopatu
572 365 758 405 Maguntino
788 364 930 404 predicto
962 365 1112 395 canonice
1141 369 1189 396 est
1222 367 1397 405 provisum,
1428 378 1484 407 pro
1510 378 1584 397 vero
1617 367 1856 408 archiepiscopo

207 417 393 456 Maguntino
427 416 568 454 habebo⁷
604 415 719 446 tenebo
756 420 787 446 et
823 415 979 456 reputabo
1015 420 1047 446 et
1078 416 1183 446 cidem
1219 420 1370 457 tanquam
1400 418 1641 458 archiepiscopo
1671 419 1856 459 Maguntino

207 468 384 507 adherebo,
419 467 568 497 obediam
597 471 629 497 et
658 467 772 497 favebo
803 470 835 497 et
863 467 903 496 ab
929 467 1012 502 aliis,
1043 471 1196 507 quantum
1221 467 1261 497 ad
1286 479 1335 498 me
1361 469 1562 508 pertinuerit,
1594 469 1717 499 obediri
1742 469 1857 500 faciam

207 523 239 549 et
266 520 370 559 pareri
399 519 523 559 sibique
554 518 594 549 de
623 517 741 548 iuribus
772 518 1119 558 archiepiscopalilms‘³
1145 519 1347 559 respondebo
1373 523 1405 549 ct
1429 520 1543 549 faciam
1569 520 1767 560 respondmi,
1800 531 1857 551 nec

206 571 309 611 ipsum
343 570 506 600 dominum
540 569 711 600 Ger-lacum
744 569 1019 610 archiepiscopum
1055 579 1112 609 per
1146 580 1197 600 mc
1229 570 1279 599 vel
1315 571 1410 600 alium
1444 581 1499 600 scu
1536 571 1615 600 alios
1651 571 1771 601 directe
1807 573 1856 602 vel

206 621 359 651 indirecte
384 621 572 661 impediam,
602 621 770 661 quominus
794 621 1030 661 possessionem
1055 621 1349 661 archiepiscopatus
1373 622 1551 662 Maguutini
1579 626 1611 652 et
1643 622 1797 653 bonorum
1821 634 1857 653 ac

206 675 320 704 iurium
346 674 443 714 ipsius
468 673 601 703 liberam
631 676 662 703 et
689 673 855 713 pacificam
885 672 1004 703 habeat
1034 676 1065 702 et
1095 673 1307 703 effectualiter
1338 678 1369 703 ct
1401 674 1530 704 realiter
1554 678 1752 714 assequatur,
1784 675 1857 714 quin

206 726 303 756 immo
336 725 376 755 ad
408 724 588 755 habendam
621 728 652 754 ct
681 724 886 754 obtinendam
918 725 1151 764 possessionem
1182 724 1373 764 predictam,
1406 725 1435 754 in
1461 730 1611 765 quantum
1642 725 1680 755 ad
1712 736 1761 755 me
1786 736 1856 765 per-

206 777 348 814 tinuerit,
384 777 486 816 ipsum
517 776 656 806 fideliter
691 780 722 805 et
755 775 929 805 efficaciter
959 775 1126 805 adiuvabo.
1179 775 1261 805 Volo
1294 776 1390 805 etiam
1422 780 1454 806 ct
1488 777 1665 811 consentio,
1698 776 1797 816 quod,
1833 777 1858 806 si

206 828 370 868 contingat
399 827 482 868 quod
514 827 597 857 absit
626 837 675 857 nie
706 828 913 867 imposterum
939 827 1022 856 (licto
1051 827 1211 857 liudovico
1237 827 1277 857 de
1302 827 1436 857 Bavaria
1470 827 1593 865 favere,
1627 827 1783 858 adherere
1808 828 1857 858 vel

206 878 266 908 sibi
295 882 437 919 prestare
467 879 634 915 auxilium,
666 879 832 908 consilium
863 879 912 908 vel
939 878 1082 908 favorem
1107 889 1162 908 scu
1188 889 1225 908 ca
1250 878 1300 908 vel
1325 878 1429 918 aliqua
1456 889 1581 914 eorum,
1611 890 1671 919 quc
1696 878 1858 909 confessus

206 940 274 959 sum
308 933 339 959 et
374 934 505 969 propter
537 940 597 970 que
631 930 745 960 incurri
782 929 955 959 sententias
991 929 1343 966 excommunicationis,
1379 930 1593 969 suspensionis
1622 929 1671 959 vel
1700 929 1857 959 interdicti

206 981 348 1021 prolatas
373 981 411 1011 ab
437 981 564 1011 homine
590 981 639 1011 vel
664 992 682 1011 a
706 981 790 1019 iure,
818 981 951 1010 ulterius
983 980 1088 1010 facere
1113 980 1163 1010 vel
1188 980 1228 1010 ad
1254 990 1291 1010 ea
1317 980 1524 1020 quovismodo
1550 980 1723 1020 procedere
1749 984 1858 1010 contra

206 1033 417 1062 iuramentum
443 1042 500 1072 per
523 1042 573 1062 me
599 1033 767 1072 prestitum
793 1030 960 1069 veniendo,
986 1032 1016 1060 in
1042 1031 1202 1071 predictas
1227 1032 1400 1061 sententias
1427 1031 1566 1061 recidam
1592 1032 1659 1071 ipso
1685 1031 1778 1061 facto.

314 1083 432 1114 Datum
458 1084 615 1114 Avinione
640 1083 717 1114 IIII.
738 1083 809 1113 Kal.
828 1083 914 1121 Maii,
940 1093 1021 1112 anno
1048 1087 1170 1122 quai-tc.

295 1310 363 1352 24.
393 1310 461 1351 25.
507 1308 929 1352 ΡΑ(ἭΙΙΓΑἹῈδῚ
968 1307 1376 1352 BALIOEWINO
1418 1307 1639 1350 DA'FAE
1670 1308 1759 1350 ΑΙ)

412 1372 779 1417 CIVITATEM
810 1371 1185 1423 AQUENSEM
1217 1371 1650 1416 SPECTANTES.

870 1448 976 1482 1346.
1018 1448 1106 1491 Apr.
1130 1448 1188 1482 30.

517 1551 575 1585 024.
618 1550 783 1584 byn—ultas
813 1551 997 1584 sententias
1021 1551 1275 1594 prommlmmde'.
1305 1569 1352 1573 ——
1384 1551 1468 1594 Aps.
1490 1552 1545 1583 ΞΝ).

314 1626 387 1664 Ιίκῃ.
414 1624 556 1655 I'alicau.
583 1626 644 1654 1:220
668 1624 780 1662 (Clem.
807 1625 858 1655 1‘1.
883 1636 958 1655 scer.
984 1636 1013 1655 a.
1040 1624 1117 1655 111)
1142 1636 1190 1654 nr.
1210 1626 1293 1654 „lv-‘m
1318 1624 1384 1662 tlt).
1432 1623 1607 1662 Descripsit
1635 1623 1673 1653 F.
1692 1623 1790 1653 Ix'rrn.
1818 1642 1855 1644 —

206 1677 298 1707 ΕΜΓ.
331 1676 507 1716 lVr‘rmeslty
533 1678 612 1711 101;
648 1676 769 1706 Rivzler
791 1678 894 1709 2207),-
931 1676 1110 1706 Saemerluml
1138 1676 1197 1706 III
1231 1686 1278 1706 ην,
1304 1677 1365 1704 5(ἰῦ
1401 1676 1506 1705 mimos
1541 1678 1636 1710 ναίω·
1670 1675 1709 1711 cf.
1747 1674 1856 1704 ibidem

163 1744 173 1755 ιι
205 1739 235 1767 p.
250 1727 409 1759 XXXIV.
434 1747 475 1749 ῳ
500 1728 669 1758 ineditam.

314 1779 387 1818 Καρ.
413 1779 485 1817 imp.
508 1779 593 1809 I'Jll
618 1778 731 1808 Pabste
753 1789 801 1808 nr.
824 1779 891 1808 1151.

313 1864 497 1894 Venerabili
523 1864 611 1894 fratri
639 1863 801 1894 Raldwino
827 1864 1067 1904 archiepiscopo
1093 1863 1292 1893 Treverensi.

313 1915 486 1956 Sperantes
517 1916 548 1945 in
577 1914 727 1953 Domino,
765 1915 849 1955 quod
885 1920 918 1945 tu
952 1916 1050 1945 frater
1078 1920 1109 1945 et
1142 1915 1194 1944 alii
1229 1920 1292 1944 tam
1325 1914 1531 1944 ecelesiastici
1567 1924 1660 1953 quam
1697 1912 1855 1942 seculares

205 1968 364 2008 principes
394 1967 590 1997 coelectores
615 1967 658 1997 tui
689 1966 862 1997 secundnm
888 1967 1151 1996 commonitiones
1181 1971 1212 1996 ct
1242 1966 1482 1995 exhortationes
1513 1968 1635 1994 nostras
1663 1963 1856 2004 generaliter

205 2021 237 2048 et
260 2018 443 2058 specialiter
467 2018 556 2048 vobis
580 2018 680 2048 factas
704 2018 745 2048 ad
769 2018 959 2048 electionem
985 2018 1068 2058 regis
1094 2017 1342 2057 Roman('orum)
1368 2015 1638 2056 promovenduma
1663 2016 1691 2044 in
1718 2015 1854 2053 impera,-

205 2073 306 2100 torem
339 2070 541 2110 postmodum
576 2069 770 2110 procedetis,
803 2070 992 2099 fraternitati
1027 2077 1093 2102 tue,
1131 2069 1170 2098 de
1205 2079 1267 2109 qua
1302 2068 1448 2097 fiduciam
1483 2068 1512 2096 in
1548 2067 1683 2096 Domino
1717 2066 1855 2105 gerimus

206 2121 392 2161 pleniorem,
417 2131 487 2151 cum
513 2121 626 2151 electio
645 2120 825 2150 huiusmodi
851 2121 889 2151 de
908 2122 974 2150 viro
1000 2121 1158 2150 catholieo
1185 2125 1215 2151 ct
1240 2120 1364 2160 ydoneo
1383 2120 1519 2157 ¹gratiam
1545 2122 1576 2148 ct
1600 2118 1853 2147 comnmnionem

206 2176 345 2203 nostram
370 2176 402 2202 ct
425 2173 601 2213 apostolice
626 2172 710 2201 sedis
727 2172 865 2202 habente
891 2173 985 2202 fuerit
1009 2172 1115 2202 divina.
1133 2172 1330 2211 propiciante
1349 2171 1452 2210 gratia
1475 2169 1648 2207 celebrata,
1674 2167 1854 2208 requirendi

207 2227 238 2253 et
262 2223 411 2254 monendi
435 2234 475 2254 ex
499 2227 589 2263 parte
615 2228 721 2253 nostra
746 2233 804 2263 per
828 2227 857 2253 te
883 2223 932 2253 vel
958 2223 1055 2252 alium
1080 2233 1135 2252 seu
1159 2223 1238 2252 alios
1265 2247 1269 2251 .
1296 2245 1302 2251 .
1327 2223 1492 2259 maiorem,
1517 2220 1672 2251 scabinos,
1698 2218 1854 2253 consules,

205 2275 444 2305 universitatem
474 2277 506 2305 ct
535 2274 670 2315 populos
699 2274 783 2315 opidi
808 2275 968 2314 Aquensis
992 2273 1180 2304 Leodiensis
1205 2273 1340 2302 diocesis
1369 2273 1477 2312 cisque
1509 2271 1565 2300 sub
1598 2270 1852 2301 excommunica-

206 2325 299 2355 tionis
328 2326 357 2355 in
386 2335 539 2366 personas
563 2325 740 2365 singulares
765 2335 875 2355 eorum
901 2329 932 2354 ct
956 2324 1115 2355 interdicti
1144 2325 1174 2353 in
1205 2324 1333 2363 opidum
1359 2323 1536 2363 predictum
1562 2325 1593 2351 et
1616 2321 1853 2351 universitatem

206 2377 303 2417 ipsius
327 2387 449 2406 necnon
474 2377 658 2416 privationis
675 2377 924 2417 lou-ivilcgiorum,
950 2375 1128 2413 feudorum,
1153 2375 1319 2409 bonorum,
1344 2374 1528 2403 libertatum
1554 2377 1585 2403 ct
1610 2372 1852 2403 imnmnitatum,

206 2438 267 2468 que
295 2438 313 2457 a
336 2427 482 2458 Romana
510 2427 561 2458 vel
589 2428 752 2468 quibusvis
780 2428 850 2457 aliis
879 2427 1021 2457 ecclesiis
1053 2426 1210 2463 obtinent,
1242 2427 1332 2466 penis
1363 2430 1394 2456 et
1424 2425 1589 2455 sententiis
1620 2423 1789 2453 mandandi
1823 2426 1853 2452 ct

207 2478 377 2508 districtius
401 2479 599 2519 iniungendi,
628 2483 661 2508 ut
684 2479 821 2509 eundem
846 2478 983 2508 electum
1008 2488 1064 2518 pro
1091 2488 1207 2507 corona
1232 2477 1349 2507 ibidem
1375 2480 1408 2506 ut
1432 2477 1528 2506 moris
1553 2479 1601 2505 est
1626 2474 1797 2514 r‹t=cipicndi
1823 2475 1852 2503 in

207 2529 325 2560 dictum
350 2530 479 2569 opidum
504 2530 705 2560 introducant
733 2534 766 2559 ut
794 2529 888 2559 decet
916 2528 1146 2558 honorabiliter
1174 2539 1210 2558 ac
1235 2528 1390 2567 recipiant
1415 2532 1445 2556 et
1470 2527 1656 2561 admittant,
1689 2525 1851 2564 dictasque

206 2591 304 2621 penas
322 2584 353 2611 et
371 2582 544 2611 sententias
568 2586 622 2611 aut
646 2581 716 2611 illas
740 2591 780 2611 ex
805 2582 859 2615 eis,
886 2580 924 2610 de
950 2579 1064 2620 quibus
1088 2579 1241 2619 expedire
1266 2579 1392 2613 videris,
1418 2579 1442 2607 si
1467 2578 1571 2607 forsan
1597 2576 1852 2616 requisitionibus

309 2665 355 2690 ⁵23.
384 2665 407 2695 d)
427 2667 512 2691 arcliie
533 2667 557 2690 ιίι
578 2667 632 2691 loco
651 2676 711 2691 raso
733 2666 764 2691 R.

310 2725 355 2751 24.
384 2727 407 2754 ³)
426 2727 461 2751 sic
482 2726 512 2751 R.
