2189 2984
362 139 400 166 74
834 134 929 160 ACTA
948 133 1060 159 REGNI
1080 133 1213 159 KAROLI
1235 133 1279 159 IV.
1319 133 1390 159 1346.
1428 132 1475 158 Nr.
1488 133 1529 158 51.

349 222 494 262 episcopi
512 221 687 261 Maguntiui
712 231 748 251 ac
773 221 905 251 illustris
932 223 963 250 et
979 220 1136 261 magnifici
1155 220 1304 260 principis
1322 218 1440 249 domini
1458 217 1579 255 Karoli,
1605 217 1723 247 domini
1740 217 1893 248 Iohannis
1917 218 2001 258 regis

355 273 485 303 Boemie
518 272 737 312 primogeniti„
772 271 962 302 marchionis
990 272 1130 302 Moravie
1143 272 1162 307 1,
1196 274 1437 310 nostrorumque
1467 270 1661 300 notariorum
1697 272 1729 299 et
1763 270 1892 300 testium
1927 269 1999 299 sub-

354 325 540 364 scriptorum
573 324 733 364 presentia
757 323 968 364 personaliter
991 323 1151 353 constituti
1176 322 1299 352 nobiles
1322 322 1380 351 viri
1405 321 1550 351 dominus
1574 320 1760 350 Buchardus
1783 320 1822 351 de
1851 321 2002 352 Mansfelt

355 386 471 411 comes,
498 375 573 405 dicti
592 374 711 404 domini
735 375 818 415 regis
836 374 968 404 Boemie
990 374 1185 404 consiliarius
1210 374 1340 409 iuratus‚
1365 377 1396 403 et
1420 377 1483 403 tres
1507 373 1563 402 filii
1588 371 1730 403 eiusdem
1754 373 1888 411 comitis,
1912 372 2000 403 vide-

358 427 433 457 licet
459 426 577 457 domini
603 426 753 456 Albertus
782 426 950 456 canonicus
974 425 1266 465 Merseburgensis,
1301 424 1447 455 siffridus
1471 428 1503 454 et
1527 426 1621 459 otto,
1649 423 1765 454 milites
1796 423 1931 459 ibidemq
1960 424 2002 455 ad

356 477 604 517 propositionem
641 480 673 507 et
710 477 949 518 requisitionem
982 477 1056 507 dicti
1092 477 1208 507 domini
1243 477 1354 507 Karoli
1389 476 1620 506 deliberatione
1654 474 1823 515 preli-abita
1858 475 2002 516 diligenti

359 529 573 568 promiserunt
599 532 630 559 ct
655 529 745 558 tactis
770 528 978 568 corporaliter
994 529 1202 558 sacrosanctis
1219 528 1395 568 euangeliis
1418 538 1476 568 per
1499 537 1627 557 manum
1645 526 1811 557 dexteram
1835 527 2002 558 cuiuslibet

361 580 535 610 eorundem
559 580 741 610 iuraverunt
766 580 982 620 infrascriptos
1006 580 1156 610 articulos
1181 584 1212 610 et
1236 579 1412 620 quemlibet
1436 589 1544 609 eorum
1570 577 1746 615 attendere,
1770 578 1946 619 adimplere
1971 582 2003 610 et

359 632 464 661 facere
496 642 531 661 ac
564 632 647 672 ipsos
683 642 739 672 pro
764 642 856 672 posse
882 633 1043 671 perpetuis
1075 631 1269 671 temporibus
1298 630 1523 661 inviolabiliter
1552 630 1737 667 observare,
1772 630 1841 670 ipso
1874 630 2001 661 domino

358 682 477 712 Karolo
504 693 540 712 ac
565 682 655 712 uobis
673 683 804 713 notariis
821 682 1027 723 infrascriptis
1044 682 1170 712 nomine
1188 682 1332 712 Romane
1358 681 1491 712 ecclesie
1517 684 1549 711 et
1572 681 1656 711 sedis
1673 681 1848 721 apostolice
1874 692 1910 712 ac
1936 681 2000 712 dic-

359 737 461 763 torum
480 733 678 764 dominorum
704 735 787 774 regis
811 739 842 764 et
860 734 1060 767 marchionis,
1085 734 1114 763 in
1133 737 1283 773 quantum
1309 733 1394 773 ipsos
1411 743 1602 763 concernere
1620 736 1779 773 poterunt,
1805 737 1837 763 et
1861 733 2001 764 omnium

357 784 503 822 alioruin,
540 796 673 825 quorum
709 785 840 816 interest
874 796 929 815 seu
961 786 1114 815 interesse
1138 785 1268 825 poterit,
1299 784 1479 814 huiusmodi
1512 785 1738 824 promissiones
1771 788 1803 814 et
1826 785 2003 815 iuramenta

359 836 587 877 recipientibus
611 836 650 867 ab
676 837 812 867 eisdem:

465 888 505 925 (I)
541 888 653 918 Primo
689 899 825 928 namque
862 888 996 929 predicti
1032 887 1151 918 domini
1186 886 1373 917 Buchardus
1412 897 1519 917 comes
1554 887 1593 917 de
1628 887 1806 925 Maiisfelt³‚
1841 887 2002 925 Albertus,

355 939 501 970 Siffridus
527 943 558 969 et
584 940 660 970 Otto
686 943 717 970 et
751 951 859 970 eorum
889 939 1021 980 quilibet
1052 939 1264 979 pramiiserunt
1293 947 1325 968 et
1349 940 1531 969 iuraverunt
1559 939 1762 979 singulariter
1790 942 1821 968 et
1845 938 2002 979 specifice,

355 990 442 1032 quod
467 991 525 1031 ipsi
553 991 698 1031 predicto
723 991 851 1021 domino
876 994 982 1021 nostro
1007 1002 1130 1021 summo
1151 990 1289 1031 pontifici
1308 991 1434 1031 suisque
1452 990 1687 1021 successoribus
1711 990 1861 1020 canonice
1885 991 2003 1020 intran-

356 1042 439 1072 tibus
464 1047 495 1073 et
520 1047 721 1073 sacrosancte
739 1043 882 1073 Romane
909 1043 1042 1073 ecclesie
1068 1053 1103 1073 ac
1128 1043 1194 1072 sedi
1213 1043 1387 1082 apostolice
1413 1052 1484 1072 cum
1510 1043 1594 1073 omni
1619 1043 1797 1072 reverentia
1822 1045 1854 1072 et
1876 1041 2002 1072 humili-

356 1097 422 1124 tate
448 1093 557 1124 debita
583 1094 695 1124 fideles
720 1098 751 1124 et
775 1093 962 1124 obedientes
986 1095 1016 1124 in
1035 1094 1179 1124 omuibus
1204 1097 1234 1123 et
1259 1104 1317 1134 per
1340 1094 1446 1124 omnia
1464 1097 1555 1124 erunt
1578 1098 1610 1124 et
1626 1095 1741 1134 iugiter
1756 1093 2001 1134 permanebunt:

355 1146 431 1175 item
458 1145 542 1185 quod
568 1145 718 1175 mandata
748 1145 831 1176 dicte
862 1146 945 1175 sedis
971 1150 1152 1176 reverenter
1176 1146 1348 1186 suscipient
1373 1150 1403 1176 et
1435 1145 1550 1176 devote
1575 1145 1746 1176 servabunt
1770 1148 1802 1176 et
1825 1156 1843 1175 a
1868 1145 2001 1175 subditis

354 1197 417 1226 suis
441 1207 511 1226 cum
537 1197 715 1226 reverentia
740 1198 835 1237 recipi
862 1197 978 1227 facient
1002 1201 1033 1227 et
1057 1198 1183 1227 servari.

465 1248 523 1285 (II)
549 1248 630 1278 Item
657 1248 740 1288 quod
766 1248 882 1278 (lictum
916 1249 1077 1278 dominum
1103 1249 1295 1279 (terlacuml>
1324 1249 1598 1290 archiepiscopum
1623 1249 1844 1289 Maguntinum
1869 1252 1901 1278 et
1924 1249 2003 1279 alios

354 1311 410 1340 per
435 1300 553 1330 dictam
573 1300 682 1330 sedem
700 1301 843 1340 prnwisos
867 1304 899 1330 ct
916 1301 996 1337 illos„
1022 1300 1134 1341 quibus
1152 1301 1359 1341 imposterum
1378 1301 1538 1341 provideri
1556 1301 1733 1341 contigerit,
1758 1311 1828 1330 cum
1849 1300 2001 1337 efficacia,

355 1362 416 1391 qua
440 1355 601 1392 poterunt,
628 1352 859 1392 promovebunt
885 1362 920 1381 ac
945 1353 1070 1382 intrusis
1095 1356 1127 1382 ct
1144 1352 1317 1383 rebellibus
1334 1352 1476 1393 predicte
1501 1353 1568 1382 sedi
1593 1362 1770 1393 proposse,
1795 1353 1824 1382 in
1850 1355 2000 1392 quantum

356 1403 437 1433 bono
462 1403 559 1433 modo
585 1406 745 1443 poterunt.
773 1403 998 1443 impedimenta
1026 1404 1183 1444 parabunt
1206 1415 1263 1434 nec
1288 1405 1364 1444 ipsis
1382 1416 1452 1445 ope,
1477 1404 1607 1435 consilio
1625 1404 1674 1434 vel
1692 1404 1800 1434 favore
1825 1404 2000 1444 quomodo-

352 1455 433 1485 libet
457 1454 664 1484 a(llier‹2=buut.

461 1506 538 1544 (III)
568 1506 648 1536 Item
679 1506 762 1546 quod
787 1506 948 1535 dominum
977 1506 1171 1537 Ludovicum
1202 1507 1239 1537 de
1266 1508 1414 1539 Bavaria.
1445 1508 1498 1548 qui
1530 1518 1562 1537 se
1594 1508 1817 1547 imperatcn'em
1850 1508 1999 1541 nominat.

355 1568 424 1587 cum
453 1558 491 1588 de
516 1558 620 1588 heresi
646 1562 676 1587 et
701 1559 847 1587 scismate
873 1568 930 1598 per
954 1562 1094 1588 sanctam
1120 1559 1287 1589 ecclesiam
1313 1559 1565 1600 condempnatus
1596 1563 1627 1589 et
1656 1559 1737 1593 iure,
1771 1559 1794 1588 si
1826 1558 1909 1599 quod
1941 1559 1998 1588 sibi

355 1610 460 1639 forsan
495 1620 534 1639 cx
565 1610 721 1639 electione
753 1609 888 1639 discordi
921 1609 959 1638 ‹le
984 1610 1051 1649 ipso
1084 1610 1123 1640 ad
1154 1621 1284 1650 regnum
1317 1622 1372 1641 seu
1401 1611 1567 1651 imperium
1591 1610 1808 1641 Romanorum
1840 1609 1999 1650 quondam

354 1660 438 1690 facta
458 1661 671 1701 ‹2·‹o›mpetebatq
698 1662 836 1700 privatus
854 1672 922 1690 esse
940 1666 1097 1692 noscatur.
1123 1672 1178 1702 pro
1198 1673 1272 1701 rege
1291 1662 1536 1698 Rom-autorum)
1559 1673 1613 1692 seu
1631 1663 1822 1702 imperatore
1839 1672 1999 1702 nunquam

353 1711 516 1741 habebunt
542 1722 600 1741 nee
626 1712 780 1742 tenebunt
804 1723 860 1742 nec
886 1713 981 1742 ctiam
1000 1721 1230 1752 recognoscent
1254 1725 1357 1754 neque
1382 1714 1439 1744 sibi
1464 1719 1518 1744 aut
1542 1714 1612 1744 tiliis
1636 1714 1699 1743 suis
1721 1713 1919 1744 adherebunt
1943 1724 2000 1744 nec
2020 1725 2030 1741 :z

354 1762 520 1798 auxilium,
547 1763 710 1793 consilium
736 1764 785 1793 vel
812 1764 953 1794 favorem
978 1765 1172 1804 impae‘unleut.

464 1815 539 1853 (lv)
564 1815 646 1845 Item
671 1815 755 1855 quod
780 1815 877 1851 illum,
903 1826 995 1856 quein
1015 1811 1172 1857 1⁷›rincipe‘s
1197 1818 1276 1847 sarri
1295 1818 1418 1858 imperii
1436 1817 1591 1847 electores
1614 1817 1654 1847 ad
1672 1815 1853 1856 eligendum
1878 1814 2002 1845 habiles

353 1868 385 1895 et
409 1865 525 1905 ydonei
543 1866 590 1896 vel
617 1867 718 1895 maior
742 1877 813 1906 pars
832 1868 970 1906 ipsorum
996 1879 1025 1897 ιιι
1044 1879 1150 1908 regem
1168 1868 1413 1908 Roniantorum)
1438 1870 1467 1899 in
1492 1870 1716 1910 imperatorem
1742 1872 1852 1908 postea
1876 1877 2001 1908 promo-

354 1917 490 1947 vendum
520 1917 692 1957 elegerint,
731 1917 903 1948 dummodo
939 1920 967 1948 iu
1000 1920 1119 1950 unitate
1150 1920 1284 1950 ecclesio
1316 1924 1348 1950 et
1378 1921 1452 1950 fidei
1476 1920 1631 1950 catholice
1657 1920 1781 1953 existat.
1806 1924 1883 1959 prof
1907 1923 2001 1959 rege⁰

366 1968 597 2006 -ἷωιιιιιιηίἰι-ιιιιι)
616 1974 844 2009 recognoscent
872 1973 903 1999 et
921 1970 1083 2000 lmbebunt
1107 1975 1138 2001 et
1156 1971 1212 2001 sibi
1239 1976 1270 2002 et
1288 1972 1479 2002 electoribus
1496 1972 1646 2012 predictis
1671 1974 1779 2001 contra
1797 1980 2000 2011 quoscunque
2021 1982 2040 2000 :2-

353 2019 490 2050 rebelles
515 2024 545 2050 et
577 2020 795 2051 inobedientes
820 2025 872 2051 aut
902 2022 1002 2051 dictos
1030 2033 1137 2063 regem
1169 2034 1223 2053 scu
1255 2024 1410 2054 electores
1434 2025 1658 2064 impugnantes
1682 2026 1736 2053 aut
1760 2021 2002 2062 quomodolibet

354 2072 560 2101 lnolest-‘lntes
592 2082 661 2101 0111ss
687 2074 752 2101 ΐυῒῡ
779 2083 870 2112 posse
896 2084 961 2105 suo,
989 2084 1048 2113 ope
1074 2078 1104 2104 et
1129 2085 1226 2114 opera
1250 2075 1387 2105 fideliter
1411 2076 1558 2105 assistent
1582 2078 1613 2105 et
1637 2074 1769 2104 firmiter
1793 2072 2001 2104 adherebunt.

466 2123 522 2158 (V)
546 2123 627 2153 Item
653 2123 736 2163 quod
755 2124 937 2163 specialiter
954 2125 1043 2154 «lictis
1062 2125 1197 2156 dominis
1214 2128 1280 2167 regi
1298 2126 1432 2157 Boemie
1457 2129 1489 2156 ct
1506 2126 1680 2156 marchioni
1698 2126 1839 2156 Moravie
1858 2124 1999 2155 eiusdem

354 2174 438 2214 regis
462 2175 673 2214 primogenito
704 2176 881 2215 ceterisque
911 2176 985 2205 dicti
1010 2178 1093 2217 regis
1124 2178 1195 2207 tiliis
1220 2178 1419 2208 adherebunt
1443 2178 1587 2208 similiter
1611 2181 1643 2208 et
1666 2177 1829 2210 assistent,
1860 2179 1891 2206 et
1916 2175 1999 2216 quod

354 2230 462 2255 contra
488 2226 642 2265 premissa
668 2226 719 2255 vel
745 2237 853 2257 eorum
883 2227 1002 2268 aliquid
1028 2239 1083 2268 per
1107 2241 1139 2269 se
1157 2230 1206 2258 vel
1232 2230 1310 2259 alios
1335 2229 1454 2260 directe
1470 2230 1519 2259 vel
1545 2229 1696 2259 indirecte
1722 2228 1802 2258 clam
1820 2227 1871 2257 vel
1895 2227 2000 2267 palam

354 2287 415 2306 non
441 2277 567 2307 veniant
591 2287 649 2306 nec
675 2278 792 2307 facient
816 2279 926 2318 quovis
951 2280 1076 2319 iugenio
1101 2281 1166 2310 sive
1191 2284 1268 2315 arteq
1296 2280 1369 2310 dolo
1396 2284 1430 2311 et
1454 2281 1564 2311 fraude
1592 2280 1728 2311 exclusis
1752 2281 1782 2310 in
1800 2279 1945 2309 omnibus
1969 2282 2001 2309 et

356 2328 487 2365 singulis
512 2329 741 2368 suprascriptis.

465 2378 513 2409 De
539 2379 651 2419 quibus
676 2381 821 2410 omnibus
847 2384 878 2411 et
903 2382 1033 2422 singulis
1051 2383 1165 2422 prefati
1190 2384 1307 2413 domini
1325 2384 1462 2414 Karolus
1479 2383 1619 2414 marchio
1645 2387 1677 2414 et
1692 2382 1878 2413 Buchardus
1895 2392 2000 2412 comes

354 2431 464 2470 suique
503 2433 751 2471 supernominati
786 2433 841 2462 filii
877 2433 915 2463 ad
945 2435 1096 2464 maiorem
1128 2435 1350 2466 certitudinem
1379 2446 1397 2465 a
1428 2435 1518 2465 nobis
1541 2435 1762 2475 suprascriptis
1786 2434 1915 2464 notariis
1940 2432 1997 2463 sibi

354 2492 459 2512 uuum.
485 2482 546 2512 duo
570 2493 624 2511 seu
650 2483 739 2523 plura
757 2484 823 2514 fieri
842 2485 1006 2524 pecierunt
1027 2486 1153 2525 publiea
1171 2487 1388 2518 instrumenta.
1415 2486 1500 2527 quod
1524 2497 1580 2516 seu
1604 2496 1665 2526 que
1682 2485 1868 2516 Buchardus
1892 2494 1998 2515 comes
2033 2498 2040 2514 a

354 2536 387 2562 et
410 2533 464 2563 tilii
489 2535 535 2564 sui
560 2534 729 2574 siqu-adicti
756 2546 882 2565 suorum
907 2536 1072 2567 voluerunt
1096 2539 1291 2578 appensione.
1316 2539 1490 2579 sigillorum
1515 2538 1637 2568 muniri.

459 2635 503 2661 51.
534 2642 556 2663 ³¹)
577 2639 699 2662 Matisselt
722 2638 766 2662 (λυ.
856 2638 878 2669 Ῑή)
898 2640 1031 2664 Gelai-cum
1055 2640 1098 2664 (Ar.
1187 2645 1209 2669 c)
1229 2650 1272 2673 per
1291 2650 1374 2673 regem
1398 2642 1442 2666 Ox.

461 2705 486 2733 1)
513 2704 646 2729 Karolum
671 2708 694 2730 ct
716 2705 853 2731 Gai-lacum
880 2708 943 2731 turne
967 2708 1088 2740 temporis
1115 2708 1143 2732 ἰἰι
1168 2708 1288 2733 Sua-onia
1314 2710 1404 2741 fuisse)
1436 2708 1462 2733 id
1487 2708 1558 2742 quod
1585 2709 1633 2735 hoc
1661 2709 1839 2733 instrumento
1860 2706 2000 2740 probatur,

359 2746 449 2772 adlmc
467 2750 559 2772 notum
579 2756 630 2772 mm
651 2751 716 2773 crat.

2022 689 2044 706 1⁰

2024 948 2046 966 15

2018 1203 2042 1221 20

2034 1988 2043 1999 .)

2020 2242 2044 2258 41)
