2189 2984
137 796 161 815 10

135 1054 158 1072 15

134 1308 159 1327 20

135 1565 159 1584 25

135 1820 159 1838 30

133 2076 158 2095 35

134 2338 160 2356 40

133 2597 159 2615 45

603 138 699 166 ACTA
719 138 831 165 REGNI
852 138 986 165 KAROLI
1007 138 1054 164 IV.
1092 138 1167 165 1346.
1207 140 1253 166 Nr.
1270 140 1397 167 1011107.
1772 147 1829 175 1723

180 225 240 256 sibi
270 229 362 265 grata
386 225 546 263 crederet,
581 235 709 265 semper
733 228 892 265 prompto.
938 223 1058 255 Datum
1087 225 1117 255 in
1142 225 1216 256 villa
1242 225 1282 256 de
1306 225 1459 257 Romanis
1488 227 1539 257 die
1564 227 1688 258 decima
1712 231 1829 260 mensis

180 276 378 307 Decembris.

287 327 432 358 Devotus
454 331 564 357 vester
587 325 746 357 Heni-icus
775 325 814 357 de
838 326 980 357 villariis
1004 326 1265 368 archiepiscopus
1289 327 1512 368 Lugdunensis
1541 333 1571 359 et
1596 340 1702 360 comes
1726 331 1830 361 locum

179 382 292 409 tenens
316 378 435 409 domini
458 377 611 418 Dalphini
635 377 835 407 Viennensis.

478 509 559 543 107.
588 508 753 542 Eiusdem
782 507 904 543 relatio
933 507 1101 553 Delphina
1129 510 1273 544 directa.
1302 529 1352 532 —
1380 508 1459 544 Dec.
1480 512 1539 544 29.

287 583 567 614 Excellentissime
584 583 733 623 princeps
750 586 781 612 et
799 582 938 613 domine.
969 582 1130 623 Preeipue
1143 583 1322 614 humillima
1338 584 1654 615 recommendatione
1669 587 1831 625 premissa.

179 634 257 664 Post
282 645 440 665 recessum
467 634 586 664 domini
610 633 779 664 Amblardi
804 633 843 664 de
867 634 1071 664 Bellomonte
1101 637 1133 665 et
1157 634 1277 665 domini
1300 634 1439 665 Disderii
1463 635 1503 665 de
1528 635 1746 670 Cassenatico,
1780 639 1832 677 qui

179 685 363 726 gradientes
399 685 440 716 ad
475 696 531 716 vos
559 686 643 716 circa
675 685 759 715 diem
790 684 948 715 decimam
976 696 1092 716 nonam
1118 685 1318 726 Septembris
1346 697 1448 726 nuper
1475 687 1619 726 preteriti
1653 698 1672 717 a
1706 699 1756 719 me
1793 688 1832 719 de

179 735 401 778 Gratianopoli
430 740 647 773 recesserunt,
684 740 814 777 portans
843 737 912 777 ipse
942 737 1088 767 dominus
1116 737 1311 768 Amblardus
1340 738 1540 768 memorialia
1575 742 1606 768 et
1634 738 1674 769 de
1703 749 1735 769 se
1764 740 1832 779 ipso

179 791 331 829 tanquam
356 789 420 828 ille,
445 790 498 829 qui
523 789 629 819 omnia
654 791 796 827 noverat,
820 789 1008 818 informatus
1033 788 1073 819 de
1095 789 1241 819 omnibus
1266 800 1326 829 que
1345 792 1547 819 occurrerant
1572 790 1602 818 in
1627 795 1710 820 terra
1727 795 1831 821 vestra

179 844 211 870 et
235 851 296 880 que
322 839 512 871 videbantur
536 839 705 870 scribenda
734 839 774 870 ab
799 839 861 870 alia
885 841 969 877 vice,
1003 850 1066 880 qua
1090 841 1173 871 circa
1196 841 1291 871 tinem
1316 841 1421 881 Iugnii
1445 841 1596 871 Tassinus
1620 844 1832 882 messagerius

178 901 268 922 meus
293 901 363 922 cum
388 892 451 921 alio
476 891 655 922 memoriali
679 892 880 931 negotiorum
906 895 1084 922 vestrorum
1112 902 1169 932 pro
1198 896 1289 932 parte
1318 903 1390 923 mea
1418 904 1480 923 una
1508 904 1579 923 cum
1604 893 1832 924 Ba1·th‹›101m·0

178 941 219 972 de
248 942 427 973 Thomariis
456 943 496 973 ad
524 953 579 972 vos
608 944 677 981 ivit,
713 942 914 983 infrascripta
950 943 989 973 de
1024 944 1160 984 negotiis
1194 946 1279 973 terre
1308 947 1412 974 vestre
1447 948 1479 975 et
1511 945 1581 975 aliis
1612 945 1833 976 occurentibus

178 994 342 1024 serenitati
366 998 472 1024 vestre
497 993 574 1024 duxi
598 993 801 1034 presentibus
825 993 1014 1024 reseranda:

286 1045 396 1076 Primo
428 1045 557 1086 quidem
587 1045 716 1076 domina
748 1050 852 1076 mater
880 1049 984 1076 vestra
1014 1049 1046 1076 ct
1075 1045 1203 1076 domine
1233 1046 1272 1076 (19
1296 1047 1413 1077 Arlaco
1444 1051 1475 1077 et
1507 1047 1547 1078 de
1572 1047 1700 1085 Saletis,
1736 1049 1832 1079 amite

178 1100 291 1136 vestre,
317 1097 411 1137 plena
435 1107 604 1137 corporum
628 1098 783 1137 sospitate
808 1097 962 1127 fruuntur.

286 1148 367 1179 Item
399 1149 566 1185 noveritis,
602 1148 686 1188 quod
722 1159 793 1178 cum
823 1148 951 1178 domino
981 1148 1128 1189 Guigone
1157 1148 1324 1187 Pelicerii,
1360 1150 1413 1190 qui
1451 1160 1545 1190 super
1579 1150 1686 1181 multis
1722 1151 1833 1181 vestris

178 1199 298 1230 iuribus
323 1200 485 1240 occupatis
509 1201 539 1230 in
564 1200 651 1230 curia
668 1204 773 1230 vestra
790 1199 920 1230 delatus
945 1201 1059 1237 fuerat,
1085 1200 1318 1230 communicato
1337 1201 1469 1231 consilio
1488 1205 1592 1232 vestro
1617 1206 1689 1242 post
1705 1202 1832 1242 longam

178 1251 444 1282 deliberationem
476 1252 687 1291 compositum
725 1252 832 1282 extitit
866 1251 907 1281 ad
943 1251 1030 1281 mille
1061 1251 1198 1281 florenos
1233 1252 1316 1291 auri,
1353 1263 1487 1292 quorum
1513 1253 1704 1293 quingentos
1728 1258 1832 1284 vestro

177 1303 375 1333 thesaurario
407 1303 596 1344 assignavit,
633 1303 745 1343 reliqui
778 1313 852 1333 vero
885 1302 993 1333 traditi
1026 1303 1153 1333 fuerunt
1183 1313 1239 1332 seu
1269 1302 1390 1333 dimissi
1414 1304 1555 1343 Aymaro
1580 1304 1766 1339 Alamandi,
1802 1305 1832 1334 in

177 1355 439 1385 extenuationem
464 1353 656 1393 debitorum,
680 1355 711 1384 111
736 1354 851 1395 quibus
876 1364 952 1394 erga
976 1355 1079 1394 ipsum
1108 1355 1183 1385 estis
1208 1365 1264 1394 per
1288 1359 1409 1385 vestras
1434 1355 1554 1385 litteras
1578 1355 1746 1396 obligatus.
1794 1356 1833 1386 Et

178 1405 260 1436 ultra
283 1405 342 1436 hec
366 1405 451 1436 idem
477 1405 623 1436 dominus
648 1405 753 1446 Guigo
779 1406 917 1446 reliquit,
942 1417 1015 1446 ymo
1040 1405 1129 1436 vobis
1153 1407 1292 1436 restituit
1315 1417 1425 1437 omnes
1443 1407 1664 1447 proprietates,
1689 1418 1767 1448 quas
1792 1407 1831 1437 de

177 1461 282 1488 vestro
300 1461 483 1498 repertuma
507 1458 566 1487 fuit
583 1457 737 1488 acthenus
760 1467 941 1498 usurpasse,
967 1461 998 1488 et
1023 1468 1133 1487 omnes
1154 1467 1276 1495 census,
1302 1468 1381 1497 quos
1399 1458 1598 1498 percipiebat
1620 1469 1716 1499 super
1739 1459 1832 1489 rebus

177 1508 444 1549 quibuscumque,
480 1519 542 1549 que
578 1508 617 1539 de
648 1509 788 1539 dominio
818 1512 924 1539 vestro
955 1512 1116 1541 tenentur:
1153 1519 1282 1539 censum
1311 1510 1407 1539 etiam
1432 1509 1686 1540 molendinorum
1712 1515 1831 1541 vestro-

178 1569 257 1597 rum,
282 1570 344 1600 que
368 1560 509 1598 tenebat,
535 1559 575 1590 de
599 1561 709 1601 viginti
734 1561 883 1591 sextariis
908 1560 1058 1590 frumenti
1083 1560 1271 1590 annualibus
1295 1562 1523 1600 augmentavit.

285 1612 367 1641 Item
393 1616 597 1642 occurrerunt
622 1612 698 1642 mihi
723 1622 815 1647 nova,
841 1612 925 1652 quod
950 1611 1097 1642 dominus
1121 1611 1161 1642 de
1179 1611 1360 1642 Rossilione
1386 1616 1418 1643 et
1437 1612 1604 1652 Aynardus
1628 1612 1667 1642 de
1687 1613 1831 1651 Anjouc¹'

176 1662 294 1692 amic-os
325 1673 398 1693 suos
422 1662 619 1694 mandabant
645 1664 842 1704 propinquos
874 1664 993 1703 pariter
1025 1668 1056 1694 91
1079 1663 1286 1704 longinquos,
1321 1664 1405 1694 unde
1436 1668 1573 1703 attento,
1609 1663 1695 1704 quod
1723 1665 1830 1703 gravia

176 1713 249 1744 inde
274 1715 451 1754 potuissent
475 1714 617 1754 pericula
642 1716 783 1749 evenire,
808 1715 948 1745 maxime
974 1719 1056 1745 terre
1081 1718 1196 1753 vestre,
1221 1726 1292 1745 cum
1318 1726 1428 1746 omnes
1452 1716 1548 1745 vestri
1573 1715 1709 1748 vassalli,
1736 1716 1831 1745 ctiam

176 1766 314 1796 minores
338 1765 454 1796 subditi
480 1777 537 1806 pro
562 1776 624 1796 una
648 1770 739 1806 parte
764 1767 814 1797 vel
839 1766 902 1797 alia
926 1777 959 1797 se
985 1773 1202 1806 prepararent,
1227 1767 1268 1796 ivi
1293 1767 1464 1797 Morasium
1489 1777 1551 1796 una
1575 1768 1653 1805 vice,
1678 1766 1740 1797 alia
1764 1767 1830 1796 vivo

177 1816 345 1847 Revellum
375 1820 407 1847 et
435 1818 497 1847 alia
523 1828 599 1858 erga
623 1817 741 1848 Albam
766 1818 883 1858 Ripam
910 1818 1109 1857 interpolatis
1133 1819 1276 1848 terminis
1304 1823 1336 1848 et
1360 1817 1486 1856 diebus,
1516 1819 1635 1847 vocatis
1660 1818 1699 1848 de
1722 1819 1831 1847 amicis

178 1868 421 1908 particularibus
446 1872 477 1899 et
501 1879 629 1909 semper
645 1869 804 1910 aliquibus
830 1869 869 1900 de
895 1869 1026 1899 consilio
1051 1873 1156 1900 vestro
1177 1870 1397 1903 existentibus,
1423 1870 1478 1900 sed
1503 1870 1585 1899 adeo
1611 1873 1701 1899 erant
1726 1874 1831 1909 partes

177 1919 207 1949 in
231 1919 353 1950 malitia
378 1919 548 1957 obstinate,
574 1920 660 1960 quod
685 1920 770 1951 nullo
796 1921 891 1951 modo
916 1921 1068 1951 volebant
1092 1921 1132 1951 ad
1157 1921 1360 1951 concordiam
1386 1921 1556 1951 declinare.

285 1971 325 2001 Et
350 1976 421 2011 post
446 1982 564 2012 paucos
589 1971 657 2001 dies
674 1972 782 2002 audito
805 1973 889 2002 mala
907 1973 1113 2013 multiplicari
1138 1976 1170 2002 et
1187 1974 1292 2013 parari
1317 1974 1347 2002 in
1364 1973 1538 2003 Yicnnesio
1564 1976 1595 2002 et
1613 1972 1831 2002 Yalentinesio

177 2025 308 2062 propter
332 2026 440 2063 partes
458 2022 628 2062 predictas,
654 2024 761 2053 statim
786 2023 867 2054 redii
892 2023 977 2064 apud
994 2023 1159 2061 Romanis,
1184 2024 1238 2054 ubi
1263 2029 1335 2055 tunc
1360 2025 1466 2064 recepi
1484 2024 1606 2053 litteras
1630 2026 1750 2053 vestras
1775 2033 1831 2063 per

178 2072 339 2103 dominum
369 2074 574 2104 Lantelmum
604 2074 743 2115 Eynardi
783 2078 815 2105 et
839 2075 1015 2106 Iohannem
1049 2075 1088 2105 de
1118 2075 1208 2116 Gayo
1240 2080 1362 2106 vestros
1392 2076 1508 2105 milites
1539 2075 1615 2104 milii
1646 2075 1757 2104 missas
1790 2074 1829 2103 (le

177 2128 260 2155 statu
292 2129 323 2156 et
352 2125 570 2156 incolumitate
604 2136 739 2166 persone
771 2130 876 2157 vestre
908 2130 940 2156 et
968 2126 1096 2157 domine
1127 2137 1199 2157 11199
1224 2126 1385 2168 Dalphine
1417 2138 1453 2157 ac
1481 2127 1622 2166 gentium
1655 2128 1828 2155 vestrarum

177 2176 319 2216 gaudens
343 2176 563 2217 multipliciter
587 2181 618 2207 et
643 2178 799 2208 exultans.

284 2228 325 2258 Et
356 2228 429 2259 dum
463 2228 504 2258 ad
529 2228 758 2259 consulendum
791 2234 823 2260 et
852 2229 1083 2269 providendum
1115 2240 1210 2270 super
1243 2230 1363 2260 cunctis
1394 2229 1425 2259 in
1456 2228 1546 2258 dictis
1577 2228 1688 2257 vestris
1718 2227 1830 2257 litteris

177 2280 413 2319 proposuissem
438 2283 577 2310 vestrum
603 2284 704 2310 totum
729 2280 895 2310 consilium
920 2291 1127 2321 congregare,
1152 2284 1404 2321 supervenerunt
1427 2290 1508 2310 nova
1533 2279 1572 2309 de
1590 2279 1828 2308 confirmatione

178 2331 353 2371 apostolica
385 2331 504 2362 domini
533 2331 640 2362 Caroli
672 2331 711 2363 de
736 2332 871 2362 Boemia
901 2332 1103 2372 imperatoris
1135 2343 1237 2373 nuper
1266 2333 1358 2363 electi
1393 2335 1424 2362 et
1452 2331 1645 2367 confirmati,
1681 2331 1711 2359 in
1742 2330 1829 2359 cuius

178 2382 416 2413 confirmatione
447 2382 593 2413 dominus
624 2386 731 2414 noster
763 2393 847 2423 papa
879 2383 994 2414 dicitur
1021 2383 1210 2414 mirabiliter
1238 2383 1420 2424 predicasse
1456 2386 1487 2413 et
1518 2382 1689 2421 sumpsisse
1721 2380 1825 2410 thema

178 2432 257 2463 tale:
281 2433 410 2464 ‘Veniet
433 2433 585 2464 Salomon
610 2438 642 2465 et
665 2434 811 2475 regnabit
835 2445 892 2474 pro
916 2445 978 2474 me,
1005 2439 1037 2465 et
1061 2435 1157 2465 faciet
1181 2445 1242 2476 que
1268 2435 1442 2475 precipiam
1468 2434 1535 2464 ei'1.

284 2484 367 2515 Item
403 2485 497 2526 paulo
534 2489 606 2526 post
641 2485 758 2516 dictam
790 2486 1066 2516 confirmationem
1102 2487 1188 2517 venit
1222 2486 1263 2516 ad
1297 2496 1348 2516 me
1380 2484 1465 2525 apud
1497 2484 1650 2514 Romanis
1683 2483 1827 2513 dominns·

178 2533 348 2566 Gauterius
378 2535 418 2566 de
442 2536 600 2567 Montillio
634 2547 690 2577 pro
715 2540 806 2577 parte
832 2536 908 2567 dicti
932 2536 1052 2567 domini
1076 2538 1292 2578 imperatoris,
1325 2539 1454 2577 portans
1486 2539 1517 2565 et
1541 2538 1726 2575 1‘›1·csentans
1752 2534 1825 2563 milii

179 2585 349 2625 quamdam
378 2587 518 2618 litteram
549 2598 589 2618 ex
618 2592 709 2628 parte
740 2589 838 2628 ipsius
872 2588 991 2618 domini
1015 2589 1218 2629 imperatoris
1245 2588 1334 2618 vobis
1359 2587 1526 2620 directam,
1560 2586 1647 2615 cuius
1678 2591 1768 2614 tenor
1796 2592 1825 2613 91

282 2671 345 2697 107.
365 2674 387 2704 ²³)
407 2673 442 2697 sic
466 2672 494 2697 Γ.
583 2673 608 2705 b)
629 2673 717 2698 litteris
736 2674 841 2698 cursivis
861 2674 1010 2705 impressum
1036 2673 1061 2698 Γ.

282 2739 306 2772 1)
329 2738 369 2770 Cf.
388 2747 472 2772 supra
491 2748 532 2766 nr.
546 2744 602 2766 100<

1849 699 1907 724 sept,
1921 702 1950 719 19‚

1849 850 1893 869 lun.
1908 855 1942 870 ΒΧ.
