2189 2984
655 151 747 178 ACTA
767 151 878 178 REGNI
897 152 1030 178 KAROLI
1050 153 1095 179 IV.
1148 153 1205 179 346.
1243 153 1344 179 Nr.30.
1363 154 1403 179 31.
1805 160 1840 188 51

210 238 366 270 fulciatur.
412 238 617 279 Tuis'itaque
641 238 923 279 supplicationibus
946 238 1100 275 inclinati,
1128 241 1162 268 ut
1189 239 1291 269 nullus
1320 239 1510 277 ordinarius,
1540 241 1635 271 etiam
1660 243 1844 283 metropoli-

211 294 316 328 tanus,
340 299 398 320 nec.
422 290 491 330 quis
515 289 594 319 alius
617 289 747 319 inferior
776 289 886 323 iudex.
916 290 974 319 nisi
1001 289 1085 319 sedis
1113 290 1287 330 apostolice
1316 291 1481 332 delegatus
1505 293 1659 325 extiterit.
1690 294 1844 334 capellam

210 346 311 380 tuam,
346 351 440 382 quam
474 344 509 371 ut
542 342 656 371 asseris
690 342 721 370 in
756 344 858 371 castro
893 344 947 371 tuo
978 340 1207 381 Heydelbergh
1240 341 1482 373 Wormatiensis
1515 343 1677 384 dior-(esis)
1708 344 1845 376 fundasti

210 394 359 424 canonice
393 403 429 423 ac
465 392 595 429 dotasti,
634 392 848 422 eeclesiastico
884 402 1063 432 supponere
1098 392 1204 422 valeat
1238 393 1404 423 interdicto
1440 394 1559 435 absque
1598 395 1724 426 lieentia
1762 397 1846 426 sedis

178 456 189 474 ⁵
208 444 383 485 apostolice
412 444 542 484 speciali
572 443 708 474 faciente
736 443 862 484 plenam
893 446 924 473 et
952 453 1138 483 expressam
1173 454 1209 473 ae
1239 443 1278 474 de
1302 444 1399 474 verbo
1430 445 1469 475 ad
1494 445 1623 476 verbum
1653 446 1692 478 de
1723 447 1844 477 indulto

208 495 387 526 huiusmodi
411 495 619 532 mentionem,
655 494 816 525 devotioni
844 498 898 524 tue
929 498 1039 525 tenore
1070 496 1265 535 presentium
1298 495 1512 536 indulgemus,
1543 497 1740 537 presentibus
1774 502 1848 538 post

209 547 397 579 decennium
422 547 549 577 minime
573 547 725 578 valituris
771 546 857 576 Nulli
882 556 957 587 ergo
983 550 1040 576 etc.
1066 550 1172 577 nostre
1197 548 1408 577 concessionis
1433 548 1602 589 infringere
1628 552 1660 579 et
1683 554 1799 580 cetera.

314 598 434 629 Datum
457 598 615 628 Avinione
640 596 735 639 [Κῑψι
759 597 845 629 Maii,
870 607 951 627 anno
977 600 1099 637 quarto.

413 815 464 849 31.
501 812 809 849 CLEMENTIS
838 813 899 847 Vl.
924 812 1235 849 MANDATUM
1266 813 1438 849 SUPER
1470 813 1640 849 FAGTO

165 886 188 904 ιο
752 868 896 904 SEDIS
926 868 1304 904 MAGUNTINAE.

889 937 994 972 1346.
1036 937 1118 972 Mai.
1136 939 1170 973 6.

315 1029 388 1068 Rcy.
405 1029 544 1060 Vatican.
561 1030 623 1059 168
639 1040 673 1068 2).
691 1031 754 1060 360·
776 1040 824 1060 nr.
839 1030 901 1059 41¹6
917 1030 982 1069 (R).
1014 1028 1188 1068 Descripsit
1206 1030 1243 1061 F.
1254 1031 1351 1061 Korn.
1372 1049 1408 1052 —
1430 1031 1542 1069 Copiae
1559 1032 1683 1069 chJe‘slrc'
1696 1033 1846 1064 Aniniou.

201 1082 309 1122 papir.
330 1081 420 1113 Clam.
439 1081 492 1112 VI.
516 1092 543 1111 a.
562 1081 583 1112 I
590 1081 645 1122 Vs'6
668 1081 914 1121 (Rey.V‹tt1Tc(m.
931 1083 1008 1113 27⁸)
1032 1082 1054 1118 f.
1073 1083 1135 1111 247
1159 1093 1204 1111 nr.
1223 1082 1285 1111 440·
1308 1082 1500 1112 collationem
1525 1093 1585 1113 mm
1609 1082 1785 1116 habuimus
1804 1103 1846 1106 —

208 1133 300 1164 Extr.
322 1133 497 1172 lVermzslcy
522 1134 600 1167 103:
624 1132 745 1163 Riczler
766 1134 866 1169 2211&
890 1132 1071 1164 Saeoerlaml
1094 1133 1156 1164 III
1174 1144 1220 1163 ην.
1239 1135 1308 1163 570.
1334 1151 1374 1155 -—-
1400 1134 1567 1164 Invditmn.

164 1197 186 1214 15
314 1184 386 1224 Ray.
407 1185 477 1223 imp.
510 1184 600 1215 VIII
621 1184 731 1215 l’t'ihsle
753 1195 802 1215 nr.
820 1186 890 1215 163.

317 1270 559 1302 Venerabilibus
590 1271 739 1301 fratribus
762 1295 769 1301 .
788 1295 794 1301 .
820 1271 1008 1301 Treverensi
1041 1274 1072 1301 et
1097 1295 1127 1300 ..
1152 1270 1357 1306 Ravennatti)
1388 1271 1635 1311 archiepiscopis
1663 1282 1702 1302 ac
1727 1272 1843 1303 dilecto

207 1322 270 1353 filio
295 1346 301 1353 .
321 1349 325 1353 .
351 1322 574 1353 archidiacono
598 1322 785 1353 Treverensi
810 1323 945 1353 salutem
971 1326 1030 1352 etc.

315 1374 535 1405 Violentorum
564 1375 815 1414 presumptuosis
843 1374 971 1404 ausibus
1002 1384 1059 1414 per
1091 1377 1247 1414 oportuna
1278 1373 1419 1404 remedia
1444 1374 1635 1404 obviandum
1665 1376 1787 1415 existit,
1812 1379 1847 1406 ut

209 1437 318 1457 eorum
342 1428 498 1467 perversis
523 1426 687 1457 conatibus
711 1428 876 1456 resistatur
898 1426 1017 1466 aliique
1041 1436 1059 1455 a
1084 1425 1200 1456 talibus
1217 1426 1266 1456 vel
1291 1425 1444 1455 similibus
1470 1426 1652 1456 excessibus
1669 1431 1846 1458 arceantur.

165 1488 189 1507 20
207 1478 259 1508 Ad
284 1477 367 1518 quod
401 1477 497 1508 debet
526 1478 566 1508 ob
596 1478 698 1508 zelum
724 1479 844 1508 iusticie
869 1478 1058 1518 presidentis
1083 1478 1215 1507 offitium
1240 1478 1418 1517 insurgere,
1445 1481 1477 1507 ut
1501 1488 1609 1507 eorum
1636 1479 1746 1508 iniurie
1772 1480 1846 1509 iuris

207 1529 349 1560 remedio
387 1529 591 1570 repellantur.
648 1529 776 1560 Dudum
815 1529 971 1570 siquidem
1010 1530 1039 1559 in
1075 1529 1271 1569 aposmlatus
1305 1530 1402 1559 nostri
1438 1529 1616 1569 primordiis
1652 1531 1846 1569 provisiones

209 1582 347 1611 omnium
372 1581 689 1622 archiepiscopalium
714 1585 746 1611 et
769 1581 900 1611 aliarum
926 1580 1155 1611 cathedralium
1181 1580 1385 1610 ecclesiarum
1411 1584 1484 1611 tune
1501 1582 1679 1611 vacantium
1704 1585 1735 1611 et
1752 1592 1844 1612 vaca-

208 1636 348 1663 turarum
372 1634 499 1664 inantea
524 1644 580 1674 per
604 1634 796 1673 privationes
820 1644 878 1673 per
902 1644 957 1663 nos
982 1632 1144 1663 faciendas
1169 1632 1207 1662 de
1233 1632 1362 1672 prelatis
1380 1642 1488 1662 earum
1510 1632 1644 1662 ubilibet
1667 1634 1844 1663 constitutis

208 1683 405 1724 dispositioni
429 1690 461 1715 et
489 1685 676 1715 ordinationi
705 1688 810 1715 nostre
842 1685 1024 1725 specialiter
1054 1688 1253 1715 reservantes
1281 1683 1502 1714 decrevi1nus¹
1527 1687 1643 1714 extunc.
1669 1685 1787 1714 irritum
1814 1688 1845 1715 et

164 1751 187 1769 25
208 1737 314 1775 inane,
350 1737 373 1766 si
409 1747 499 1767 secus
527 1747 622 1777 super
649 1736 708 1766 hiis
740 1747 797 1777 per
826 1746 1030 1777 quoscunque
1061 1737 1171 1776 quavis
1201 1737 1390 1766 auctoritate
1419 1737 1555 1766 scienter
1585 1735 1634 1765 vel
1663 1737 1846 1776 ignoranter

208 1789 407 1827 contingeret
430 1789 627 1829 attemptari:
652 1799 752 1829 nuper
775 1789 871 1818 etiam
897 1788 1031 1818 ecclesia
1056 1787 1241 1828 Maguntina
1265 1798 1305 1817 ex
1331 1798 1368 1817 eo
1393 1791 1536 1821 vacante,
1555 1787 1639 1827 quod
1655 1798 1712 1817 nos
1729 1787 1844 1817 Henri-

208 1850 278 1870 cum
304 1839 377 1870 olim
402 1839 674 1880 arehiepiscopum
700 1840 939 1880 Maguntinuma
963 1839 1163 1879 exigentibus
1187 1840 1249 1869 suis
1274 1838 1436 1869 demeritis
1461 1839 1499 1869 de
1517 1839 1648 1868 fratrum
1666 1841 1843 1869 nostrorum

208 1891 337 1922 consilio
366 1893 450 1922 omni
481 1892 615 1927 honore,
648 1895 823 1932 potestate,
857 1891 1010 1932 dignitate
1035 1901 1070 1921 ac
1096 1890 1195 1921 offitio
1220 1891 1390 1930 pontificali
1415 1891 1665 1930 privaveramus,
1690 1901 1746 1920 nos
1770 1901 1844 1920 con-

207 1942 400 1979 siderantes,
437 1943 522 1984 quod
557 1944 660 1973 nullus
695 1943 734 1973 de
770 1944 948 1983 provisione
981 1944 1076 1983 ipsius
1108 1942 1242 1973 ecclesie
1271 1942 1455 1982 Maguntine
1487 1945 1594 1981 preter
1623 1952 1679 1970 nos
1709 1951 1747 1971 ea
1776 1942 1843 1971 vice

164 2008 190 2026 30
208 1994 377 2035 disponere
401 1998 528 2035 poterat
551 1996 765 2025 reservatione
795 2000 826 2024 et
855 1995 983 2024 decreto
1009 1993 1233 2024 obsistentibus
1256 1993 1459 2033 supradictis,
1485 1992 1524 2022 de
1554 2002 1688 2032 persona
1712 2003 1843 2022 venera-

207 2046 277 2076 bilis
300 2046 404 2077 fratris
427 2048 524 2077 nostri
549 2045 676 2076 Gerlaci
700 2047 930 2086 archiepiscopi
956 2046 1130 2086 Maguntini
1163 2045 1202 2076 de
1231 2045 1361 2075 fratrum
1387 2046 1526 2084 ipsorum
1552 2043 1681 2073 consilio
1707 2045 1843 2074 auetori-

207 2100 272 2128 tate
301 2098 476 2138 apostolica
504 2097 653 2128 duximus
681 2097 911 2137 providendum
944 2098 1110 2137 ipsumque.
1144 2096 1187 2126 illi
1225 2097 1255 2126 in
1286 2096 1559 2136 archiepiscopum
1594 2094 1784 2135 prefecimus
1813 2098 1844 2125 et

207 2152 378 2190 pastorem,
403 2159 440 2179 ae
463 2149 694 2190 subsequenter
718 2149 775 2179 sibi
801 2149 884 2189 apud
908 2148 1018 2179 sedem
1043 2148 1250 2188 apostsdicam
1275 2149 1443 2177 constituto
1475 2147 1607 2177 fecimus
1631 2157 1743 2176 munus
1768 2157 1843 2176 eon-

207 2202 392 2231 secrationis
420 2200 562 2241 impendi
593 2205 625 2231 et
653 2200 796 2239 demum,
826 2211 895 2230 cum
927 2200 1077 2241 palleum,
1102 2201 1222 2240 insigne
1251 2199 1454 2239 plenitudinis
1476 2198 1626 2228 videlicet
1656 2198 1843 2238 pontificalis

163 2265 188 2283 35
207 2252 306 2290 offitii,
331 2262 371 2283 ex
394 2256 484 2292 parte
508 2253 605 2292 ipsius
629 2252 739 2282 fuisset
763 2263 781 2282 a
804 2252 894 2282 nobis
919 2262 989 2282 cum
1014 2262 1061 2289 ea,
1087 2262 1150 2292 qua
1168 2251 1283 2289 decuit,
1308 2251 1455 2281 instantia
1472 2250 1676 2290 postulatum,
1702 2249 1841 2289 palleum

205 2305 307 2345 ipsum
331 2304 370 2335 de
394 2314 526 2344 corpore
551 2304 635 2335 beati
660 2305 746 2335 Petri
771 2307 930 2344 sumptum
959 2304 1017 2334 sibi
1049 2303 1181 2333 fecimus
1205 2303 1289 2343 apud
1313 2302 1422 2332 sedem
1447 2301 1582 2332 eandem
1607 2304 1640 2330 ut
1669 2302 1764 2330 moris
1795 2303 1842 2330 est

204 2356 367 2396 assignari.
425 2355 506 2386 Cum
539 2359 659 2393 autem,
695 2356 774 2386 sicut
807 2355 969 2395 fidedigna
1004 2355 1158 2385 relatione
1190 2355 1404 2394 percepimus,
1440 2353 1541 2383 dictus
1578 2351 1736 2382 Henricus
1771 2362 1842 2381 cum

205 2407 361 2437 nonnullis
384 2408 446 2437 suis
470 2408 500 2437 in
524 2407 582 2437 hae
606 2410 697 2447 parte
722 2407 937 2447 complicibus,
962 2406 1137 2437 fautoribus
1161 2409 1193 2436 et
1217 2407 1245 2435 ei
1262 2404 1488 2435 adherentibus
1506 2405 1605 2444 ipsam
1623 2403 1840 2443 Maguntinam

208 2459 375 2489 ecelesiam
404 2462 437 2489 et
464 2459 768 2489 administrationem
793 2458 935 2489 eiusdem
959 2468 1015 2488 nec
1044 2468 1105 2488 non
1136 2457 1245 2497 opida,
1271 2460 1389 2495 castra,
1414 2455 1513 2492 villas,
1537 2455 1607 2485 loca
1631 2465 1667 2484 ae
1690 2454 1842 2484 nonnulla

163 2530 188 2548 40
207 2514 393 2541 ornamenta
417 2511 642 2545 ecelesiastica,
667 2511 763 2540 etiam
788 2509 989 2550 pontificalia,
1014 2520 1090 2539 vasa
1113 2513 1266 2549 argentea
1290 2512 1321 2538 et
1345 2508 1428 2537 bona
1451 2517 1487 2537 ae
1512 2508 1579 2536 iura
1602 2506 1663 2535 alia
1695 2505 1735 2535 ad
1760 2505 1839 2535 Ger-

206 2561 311 2592 lacum
340 2562 613 2602 arehiepiscopum
644 2564 676 2592 et
710 2562 929 2602 Maguntinam
958 2561 1125 2592 ecclesiam
1150 2559 1310 2601 predictos
1334 2559 1509 2599 spectantia
1534 2560 1681 2597 occupet,
1712 2560 1842 2595 usurpet

310 2647 357 2673 30.
387 2648 410 2679 ὃ)
430 2648 495 2672 deest
514 2648 545 2672 R.

308 2706 355 2732 31.
383 2708 404 2737 Β)
423 2713 561 2739 sequuntur
579 2712 660 2740 preter
680 2717 724 2732 nos
743 2716 772 2732 ea
791 2709 845 2732 viee
865 2708 1008 2731 cancellata
1028 2707 1059 2731 B.

312 2774 336 2806 l)
356 2773 396 2804 Cf.
415 2781 498 2806 supra
512 2783 540 2806 p.
554 2779 569 2799 4
588 2783 614 2801 n.
628 2778 650 2801 2.

1607 2811 1638 2837 7ss
