2189 2984
287 652 294 669 ί

281 897 295 921 5

265 1105 293 1130 11

316 198 375 226 :334
737 192 832 218 ACTA
852 191 964 218 REGNI
985 191 1119 218 KAROLI
1141 191 1186 217 IV.
1217 191 1297 225 1347.
1336 189 1454 216 Ν1”.278.
1474 190 1533 216 279.

316 281 460 315 civitatis,
486 279 711 319 cuiuscumque
729 279 769 308 sit
792 279 841 309 vel
867 278 962 309 fuerit
979 277 1182 316 condicionis,
1207 277 1257 307 0111
1280 276 1366 307 accio
1391 286 1446 306 scu
1463 276 1587 317 questio
1610 277 1705 307 realis
1721 277 1771 307 vel
1788 278 1964 317 personalis

316 334 478 371 competat
508 331 558 361 vel
587 333 770 371 competere
806 330 904 370 possit
935 334 1043 360 contra
1082 338 1333 370 quemcumque,
1370 327 1596 368 cuiuscumque
1632 328 1825 358 condicionis
1860 328 1964 369 fuerit,

316 383 429 413 civium
454 381 598 422 predicte
622 381 767 420 civitatis,
791 381 942 411 iudicium
967 384 998 411 01
1022 391 1157 410 examen
1176 383 1288 420 querat
1305 382 1337 409 et
1353 378 1467 409 subeat
1490 379 1629 409 iudicum
1648 379 1792 415 civitatis,
1816 390 1874 411 nec
1891 383 1965 411 ante

315 436 539 473 attemptatam
564 436 595 463 et
624 432 781 473 quesitam
809 433 928 463 ibidem
962 432 1112 462 iustitiam
1142 431 1279 461 eundem
1306 440 1363 461 nee
1393 430 1569 471 quemlibet
1598 441 1653 462 seu
1682 431 1841 472 quoslibet
1867 432 1964 462 alium

316 486 364 515 vel
389 485 468 515 alios
492 485 692 525 1000150015,
717 484 811 514 rebus
836 484 1004 514 mobilibus
1028 484 1077 514 vel
1101 482 1316 513 immobilibus
1340 482 1522 522 aliqualiter
1544 486 1700 522 aggravet
1716 483 1765 513 vel
1790 483 1965 523 perturbet,
1997 498 2009 517 5

315 535 455 565 maxime
480 547 551 566 cum
577 535 651 566 dicti
676 537 760 566 cives
784 535 978 576 quibuslibet
1002 535 1041 565 (le
1066 545 1099 565 50
1125 533 1366 575 querulantibus
1390 534 1492 573 parati
1517 533 1578 564 sint
1603 537 1635 564 et
1659 544 1728 564 esse
1745 534 1843 564 velint
1860 534 1965 565 facere

316 587 436 618 iusticie
462 588 741 627 complementum.

426 642 471 677 (23)
495 639 632 680 Insuper
648 640 695 669 ius
720 639 881 679 quoddam
906 638 1218 669 consuetudinarium
1243 637 1318 678 ipsis
1334 636 1551 677 approbamus
1575 640 1607 667 et
1624 638 1770 667 volumus
1794 637 1966 678 observari,

316 691 401 731 quod
426 690 617 731 quicumque
646 690 802 721 dictorum
834 690 947 720 civium
978 689 1107 720 (1011111111
1138 689 1187 719 vel
1213 688 1339 725 domos,
1364 698 1471 725 areas,
1496 693 1600 728 prata,
1624 689 1747 727 vineas,
1772 689 1886 719 fundos
1910 700 1966 720 seu

315 743 530 784 possessiones
559 743 658 773 cultas
690 743 739 773 vel
767 742 900 772 incultas
928 752 986 782 per
1019 752 1135 772 annum
1170 741 1353 771 contimmm
1385 741 1491 781 quiete
1517 743 1548 770 et
1571 741 1638 770 sine
1662 740 1737 770 iuris
1760 740 1965 781 impeticione
1986 752 2011 771 ιο

315 793 502 833 possederit,
527 794 653 824 inantea
677 804 695 823 a
719 794 803 823 nullo
829 793 947 823 debeat
970 793 1018 823 vel
1043 793 1149 823 valeat
1164 793 1341 833 inpugnari,
1367 793 1392 822 si
1408 802 1556 833 possesor
1578 792 1645 832 ipse
1670 792 1769 822 tercia
1792 802 1848 822 sua
1871 803 1967 823 manu

316 845 525 885 prescriptam
549 845 718 875 annualem
742 845 975 884 possessionem
1001 844 1166 884 pacificam
1192 844 1374 884 probaverit
1398 855 1434 874 ac
1459 844 1609 884 quietam.

422 898 467 933 (43
492 896 543 926 Ad
568 896 625 926 hec
650 896 865 936 approbamus
890 899 922 926 et
938 896 1152 934 concedimus,
1176 907 1214 925 00.
1240 896 1318 936 quis,
1344 896 1569 935 cuiuscumque
1587 895 1832 936 preeminencie„
1857 894 1966 925 condi-

316 948 414 977 cionis
439 948 487 978 vel
512 948 607 978 officii
632 948 736 985 fuerit,
761 958 811 978 res
835 958 945 977 eorum
969 947 1149 987 naufragas,
1175 947 1213 977 de
1231 947 1377 977 incendio
1399 957 1454 977 seu
1478 947 1567 977 ruina
1591 957 1701 977 evasas
1718 946 1778 976 51101
1794 945 1965 985 attrahere,

315 999 521 1039 appropriare
546 999 596 1029 vel
620 1010 772 1039 usurpare
797 999 914 1029 audeat
938 1000 986 1029 vel
1010 1000 1117 1029 valeat
1141 999 1378 1040 quoquomodo,
1404 1002 1498 1039 prout
1522 998 1651 1028 infamie
1676 1001 1832 1039 perpetue
1857 1002 1966 1029 notam
1985 1011 2009 1029 15

317 1054 348 1080 et
372 1050 488 1091 regalis
512 1051 750 1090 proscriptionis
774 1061 957 1081 mucronem
983 1051 1119 1081 voluerit
1143 1051 1272 1081 evitare.

424 1102 470 1137 (5)
495 1101 545 1131 Ex
570 1112 657 1131 mera
682 1102 777 1131 etiam
803 1102 904 1141 gratia
922 1102 1159 1142 quodammodo
1176 1102 1308 1142 speciali
1333 1101 1548 1142 approbamus
1566 1105 1598 1131 01
1615 1102 1839 1132 confirmamus
1856 1112 1967 1133 01111105

315 1152 398 1182 dicte
423 1153 557 1183 civitatis
581 1156 613 1183 01
636 1153 750 1182 civium
774 1153 921 1183 obtentas
945 1153 1199 1191 consuetudines,
1225 1164 1302 1193 quas
1326 1153 1366 1183 ab
1391 1153 1519 1193 antiquo
1544 1164 1600 1183 seu
1621 1156 1775 1194 tempore,
1800 1154 1966 1184 0111115000

316 1207 363 1233 est
387 1204 552 1241 memoria,
577 1204 606 1233 in
631 1204 747 1234 iudicio
772 1205 821 1234 vel
846 1208 937 1234 extra
961 1204 1111 1234 iudicium
1136 1215 1193 1244 pro
1217 1205 1289 1244 lege
1313 1204 1467 1234 hactenus
1491 1204 1707 1235 observarunt.

422 1255 509 1285 Nulli
534 1265 610 1295 crgo
635 1256 762 1285 omnino
787 1255 950 1285 hominum
974 1255 1070 1285 liceat
1093 1256 1174 1285 hanc
1198 1258 1304 1286 nostre
1322 1255 1577 1295 approbacionis,
1596 1257 1807 1286 concessionis
1824 1257 1874 1287 vel
1892 1267 1965 1287 con-
1986 1265 2012 1285 20

314 1307 500 1336 firmationis
517 1306 665 1346 paginam
683 1306 854 1347 infringere
872 1306 921 1336 vel
939 1317 1018 1337 ausu
1036 1307 1205 1337 temerario
1223 1307 1390 1336 contraire.
1431 1306 1463 1336 Si
1481 1307 1549 1346 quis
1571 1310 1676 1337 autem
1695 1307 1755 1338 1100
1772 1311 1966 1349 attemptare

315 1359 553 1398 presumpserit,
578 1368 611 1387 sc
636 1358 759 1387 noverit
782 1357 1033 1398 indignationem
1057 1362 1162 1389 nostre
1180 1359 1357 1388 maiestatis
1380 1358 1469 1398 regie
1494 1358 1700 1389 incursurum.
1747 1359 1782 1389 In
1807 1361 1895 1390 cuius
1919 1361 1967 1391 rei

315 1410 529 1440 testimonium
554 1412 718 1449 presentes
742 1409 898 1439 conscribi
924 1413 955 1440 et
978 1412 1085 1440 nostre
1110 1410 1285 1441 maiestatis
1309 1409 1413 1450 sigillo
1438 1410 1586 1439 iussimus
1610 1411 1806 1441 communiri.

423 1460 541 1490 Datum
570 1460 745 1500 Ratispene
780 1471 837 1500 per
866 1472 978 1491 manus
1014 1461 1209 1491 honorabilis
1241 1461 1388 1491 Wolislai
1420 1461 1592 1501 Pragensis
1627 1465 1659 1492 et
1690 1461 1966 1502 wissegradensis

316 1513 521 1542 eeclesiarum
547 1513 698 1548 0011011101,
724 1516 829 1542 nostre
854 1512 971 1553 regalis
995 1513 1066 1543 aule
1084 1513 1326 1553 prothonotarii,
1353 1513 1420 1543 vice
1445 1512 1637 1542 venerabilis
1654 1512 1782 1543 Gerlaci
1807 1514 1965 1554 archiepi-
1985 1524 2010 1542 25

315 1564 402 1603 scopi
427 1563 618 1603 M111guntiui,
651 1563 748 1593 nostri
778 1567 809 1594 et
838 1565 917 1594 sacri
946 1564 1071 1604 imperii
1096 1574 1153 1604 per
1178 1563 1384 1594 Germaniam
1414 1563 1701 1603 archicancellarii,
1731 1575 1813 1594 anne
1837 1565 1967 1595 Domini

315 1615 483 1645 millesimo
520 1615 743 1644 trecentesimo
785 1614 1031 1655 quadragesimo
1068 1616 1219 1656 septimo,
1256 1615 1429 1645 indictione
1464 1614 1538 1653 XV,
1569 1615 1625 1646 IX.
1660 1615 1733 1645 Kln.
1764 1615 1966 1656 Novembris,

316 1676 487 1705 regnorum
512 1669 689 1696 nostrorum
716 1676 797 1695 anno
823 1666 971 1697 secundo.

745 1792 828 1826 279.
871 1792 1096 1837 I'ririquinnz
1125 1793 1279 1826 (1110111111.
1311 1812 1355 1815 —
1389 1792 1458 1827 Ost.
1479 1794 1541 1827 24.

422 1849 464 1879 In
491 1860 588 1879 verso:
612 1860 640 1889 g.
1986 1861 2011 1880 30

423 1908 496 1947 Ity.
523 1909 593 1947 imp.
628 1908 716 1939 VHI
734 1919 782 1939 ur.
804 1910 876 1939 2531.

422 1994 558 2024 Kal-olus
582 1993 643 2023 Dei
668 1995 770 2034 gratia
794 1994 1010 2024 Romanmaim
1037 2005 1093 2024 rex
1117 2005 1244 2035 semper
1267 1997 1420 2034 augustus
1444 1998 1476 2025 et
1499 1994 1632 2025 Boemie
1657 2005 1723 2025 rex.

424 2045 473 2075 Ad
497 2047 715 2076 univcrsmann
740 2047 819 2076 sacri
844 2045 981 2076 Romani
1006 2047 1131 2086 imperii
1158 2046 1299 2077 fidelium
1324 2046 1473 2076 noticiam
1498 2046 1643 2076 volumus
1667 2048 1845 2087 pervenire,
1871 2048 1965 2088 quod,

316 2098 387 2137 quia
401 2097 521 2127 civibus
534 2097 859 2137 Ratisp‹:›ncn(sibus),
873 2097 1020 2127 fidelibus
1034 2098 1148 2127 nostris
1162 2098 1295 2131 dilectis,
1311 2108 1368 2137 per
1382 2102 1602 2128 antecessores
1622 2101 1744 2128 nostros
1757 2099 1967 2139 imperatores

280 2158 295 2180 2'.
315 2148 364 2178 vel
389 2158 481 2188 reges
498 2148 714 2178 Romanorum
740 2159 924 2178 concessum
950 2151 998 2179 est
1022 2152 1053 2179 01
1076 2159 1134 2189 per
1157 2160 1213 2179 nos
1237 2149 1440 2189 postmodum
1466 2149 1696 2187 confirmatum,
1721 2152 1755 2179 111
1778 2150 1819 2180 ad
1844 2151 1965 2181 nullum
1985 2159 2009 2177 35

315 2200 464 2230 iudicium
490 2204 580 2230 extra
605 2201 766 2229 civitatem
792 2211 881 2230 suam
906 2200 987 2230 trahi
1007 2201 1135 2230 valeant
1159 2204 1213 2230 aut
1240 2200 1355 2239 vocari,
1378 2200 1522 2230 volentes
1546 2210 1603 2240 per
1627 2200 1807 2231 huiusmodi
1831 2202 1967 2241 gratiam

317 2251 408 2280 <lictis
433 2252 553 2281 civibus
578 2251 697 2281 nullum
721 2262 893 2291 gravamen
918 2252 973 2281 sed
1000 2251 1168 2282 comodum
1194 2253 1322 2282 evenire
1347 2251 1539 2282 declarando
1565 2252 1779 2289 0000οᾰ10105,
1804 2255 1838 2282 111
1862 2253 1966 2283 nullus

317 2302 431 2332 civium
470 2302 685 2342 predictorum
724 2302 764 2332 ad
799 2303 932 2332 alicuius
970 2303 1151 2333 instantiam
1192 2303 1342 2343 deinceps
1380 2303 1618 2343 proscriptionis
1657 2303 1821 2333 sententiis
1860 2304 1966 2334 valeat

316 2353 470 2384 innodari.
522 2354 740 2384 Deccrncntes
772 2364 896 2384 exnunc
930 2354 1052 2384 irritum
1083 2358 1114 2384 et
1144 2355 1252 2391 inane,
1293 2355 1317 2384 si
1357 2354 1432 2394 quid
1468 2358 1576 2384 contra
1610 2357 1750 2384 nestram
1785 2355 1965 2385 huiusmodi

316 2404 566 2434 decla1·;1.ti‹1›11em
591 2411 623 2434 ct
647 2405 884 2434 concessionem
910 2408 1136 2445 attemptatum
1161 2409 1208 2435 est
1231 2405 1281 2435 vel
1306 2406 1336 2435 in
1359 2408 1522 2445 posterum
1547 2406 1747 2446 contingeret
1771 2406 1964 2446 attemptari.
1985 2419 2011 2437 ιο

321 2456 353 2485 ln
371 2456 457 2485 cuius
474 2457 518 2485 rei
537 2456 751 2485 testimonium
770 2459 935 2495 presentes
953 2456 1107 2486 conscribi
1121 2459 1153 2486 01
1167 2456 1270 2496 sigillo
1288 2457 1464 2486 maiestatis
1481 2459 1587 2486 nostre
1606 2457 1752 2487 iussimus
1770 2457 1965 2487 communiri.

424 2506 543 2536 Datum
578 2506 752 2547 Ratispone
788 2517 846 2546 per
884 2517 994 2537 manus
1023 2507 1219 2537 honorabilis
1252 2507 1396 2537 Welislat
1427 2507 1598 2548 Pragensis
1631 2511 1662 2537 et
1691 2507 1966 2547 XVissegradensis

318 2558 523 2588 ecclesiarum
549 2558 700 2595 canonici,
725 2562 830 2588 nostre
855 2559 971 2598 regalis
995 2558 1067 2588 aule
1085 2559 1326 2598 prothonotarii,
1351 2560 1418 2589 vice
1436 2559 1627 2589 venerabilis
1644 2558 1771 2589 Gerlaci
1788 2559 1966 2599 Moguntini

317 2609 558 2649 archiepiscopi,
584 2610 679 2639 nostri
706 2612 738 2638 et
761 2609 840 2639 sacri
860 2610 985 2648 imperii
1002 2620 1060 2649 per
1077 2609 1280 2639 Germaniam
1306 2609 1589 2647 archicancellarii,
1615 2621 1695 2641 anno
1714 2610 1842 2640 Domini
1866 2609 1964 2640 mille-

318 2660 396 2690 simo
426 2660 649 2690 trecentesimo
675 2659 918 2700 quadragesimo
944 2662 1089 2700 septimo.
1116 2660 1287 2691 indictione
1316 2661 1387 2693 XV.
1405 2661 1462 2691 IX.
1478 2661 1549 2692 Kal.
1567 2661 1767 2701 Novembris,
1792 2671 1965 2702 regnorum
1984 2675 2008 2693 45

320 2714 496 2741 nostrorum
522 2722 602 2741 anno
628 2710 776 2741 secundo.
