2189 2984
299 177 362 206 298
729 174 823 200 ACTA
843 174 954 201 REGNI
975 175 1109 201 KAROLI
1131 175 1176 201 IV.
1215 175 1287 201 1347.
1325 175 1372 201 Nr.
1386 175 1443 201 239.
1464 176 1521 202 240.

301 260 384 291 bona
416 262 448 290 et
476 261 559 298 iura,
592 269 654 300 que
685 259 726 290 ab
756 260 890 300 imperio
919 264 951 291 et
979 260 1137 300 imperiali
1168 261 1372 291 concessione
1401 261 1526 292 tenetis.
1573 261 1642 296 Que
1678 262 1784 292 omnia
1811 264 1951 303 presenti

302 312 508 342 concessione
539 313 570 341 et
600 309 768 341 collatione
797 311 1029 351 comprehensa
1057 311 1158 341 dictus
1189 311 1351 352 quondam
1374 311 1589 352 Maynardus¹¹
1617 313 1728 352 suique
1753 312 1890 344 heredes
1920 318 1952 345 ct

301 372 501 393 successores
517 361 637 392 habere
663 364 694 392 et
711 364 819 392 tenere
845 365 1086 401 consueverunt,
1112 365 1143 393 ct
1160 373 1293 402 quorum
1314 363 1454 393 omnium
1479 365 1511 393 et
1526 363 1722 403 singulorum
1738 363 1857 394 iuribus
1881 368 1952 395 sunt

301 414 432 453 privati,
462 415 494 443 et
522 422 577 443 eos
606 413 746 452 privatos
771 423 840 444 esse
865 413 1064 444 decernimus
1092 413 1266 444 rationibus
1291 416 1324 444 et
1347 414 1449 444 causis
1473 414 1651 445 antedictis.
1697 414 1952 456 Suprascriptam

300 467 409 495 autem
434 465 464 494 in
489 464 647 504 integrum
671 465 904 495 restitutionem
935 468 967 495 et
990 466 1021 495 in
1045 466 1278 505 possessionem
1302 464 1522 496 reductionem
1551 468 1798 506 presentemque
1822 476 1952 497 conces-

300 516 423 546 sionem
453 518 486 545 et
514 514 719 546 collationem
748 516 882 546 facimus
911 519 943 546 et
971 516 1146 556 procedere
1171 516 1316 546 volumus
1345 527 1416 546 cum
1440 515 1585 546 omnibus
1613 519 1645 547 et
1668 517 1799 557 singulis
1823 516 1952 557 iuribus,

302 566 504 604 redditibusi,
539 566 685 605 decimis,
725 566 945 607 proventibus,
985 567 1158 606 affictibus,
1194 567 1411 598 mansionibus
1446 570 1479 598 et
1512 567 1765 607 possessionibus
1799 568 1953 599 universis

303 616 521 658 spectantibus
546 620 578 647 et
595 628 784 658 quocunque
808 618 903 649 modo
928 617 1160 658 pertinentibus
1185 618 1224 648 ad
1249 618 1501 649 iurisdictionem
1525 621 1557 648 et
1580 621 1684 648 castra
1707 629 1762 649 seu
1786 618 1857 649 loca
1880 630 1951 660 pre-

299 668 396 707 dicta,
421 671 454 698 et
470 678 540 698 cum
559 668 690 709 capulis,
708 669 844 709 pascuis,
868 669 1062 709 nemoribus,
1079 669 1316 710 piscationibus,
1334 669 1566 707 venationibus,
1590 669 1690 710 aquiS,
1710 669 1952 710 aqueductibus,

300 720 436 750 usanciis
467 723 498 749 et
528 719 700 751 honoribus
731 724 827 761 atque
856 721 996 761 ipsarum
1020 731 1125 751 rerum
1151 724 1182 751 et
1205 721 1361 751 bonorum
1384 720 1584 761 pertinentiis
1607 721 1778 759 universis,
1809 731 1867 751 nec
1890 732 1953 751 non

299 781 372 801 cum
401 770 547 801 omnibus
578 774 609 801 et
638 771 770 811 singulis
800 771 935 811 iuribus,
969 782 1030 812 que
1055 775 1201 812 spectant
1230 775 1263 802 et
1290 775 1436 812 spectare
1460 772 1581 812 possint
1610 771 1651 802 ad
1682 772 1804 812 regalia
1826 772 1952 813 imperii

299 821 490 862 supradicti,
526 822 652 852 etiamsi
687 832 744 862 per
779 822 898 853 dictum
932 822 1163 863 Maynardumk
1198 834 1255 854 seu
1289 827 1508 854 antecessores
1536 823 1586 853 vel
1621 822 1864 863 predecessores
1898 827 1953 854 aut

299 883 500 904 successores
532 876 564 903 et
591 873 728 904 heredes
758 874 856 913 ipsius
884 873 968 904 dicte
999 884 1050 904 res
1078 874 1128 904 vel
1159 874 1266 914 alique
1297 874 1436 914 ipsarum
1466 877 1572 904 essent
1600 874 1783 914 pignorate,
1814 874 1951 913 vendite,

300 924 418 955 donate
442 928 497 955 aut
519 924 684 955 infeudate
709 925 775 955 sive
799 925 861 955 alio
886 924 982 955 modo
1006 926 1145 956 alienate
1170 926 1220 956 vel
1244 925 1506 966 qualitercunque
1530 924 1695 960 distracte;
1720 935 1782 955 non
1806 925 1951 956 obstante

300 986 490 1016 quacunque
515 975 577 1006 alia
601 976 806 1006 concessione
831 976 916 1007 facta
940 977 1117 1017 cuicunque
1141 987 1277 1018 persone
1303 986 1504 1017 quocumque
1529 979 1675 1016 tempore
1705 979 1737 1006 et
1759 986 1817 1017 per
1841 986 1951 1017 quem-

301 1037 436 1067 cumque
465 1026 504 1057 de
536 1026 631 1057 rebus
661 1030 694 1057 et
717 1027 836 1058 iuribus
860 1027 1050 1067 supradictis
1074 1028 1124 1058 vel
1149 1028 1255 1068 aliquo
1280 1037 1401 1059 eorum.
1448 1027 1544 1058 Tales
1568 1028 1652 1057 enim
1677 1028 1897 1058 concessiones
1922 1031 1954 1059 et

299 1077 511 1108 alienationes
546 1082 578 1107 et
610 1088 798 1118 quecunque
832 1082 942 1108 secuta
975 1089 1015 1109 ex
1048 1079 1093 1109 eis
1122 1079 1173 1109 vel
1201 1078 1241 1109 ab
1274 1079 1319 1109 eis
1350 1089 1390 1109 ex
1419 1082 1505 1109 certa
1536 1079 1670 1109 scientia
1698 1078 1898 1109 revocamus¹
1922 1083 1954 1109 et

299 1128 386 1159 nulla
411 1131 444 1158 et
467 1129 556 1159 irrita
581 1139 650 1159 esse
669 1129 868 1159 decernimus
893 1132 925 1160 et
944 1129 1102 1168 iubemus,
1127 1140 1189 1160 non
1213 1129 1411 1160 obstantibus
1434 1129 1592 1170 aliquibus
1615 1129 1734 1160 iuribus
1750 1129 1800 1160 vel
1817 1129 1951 1170 legibus,

300 1190 362 1220 que
395 1180 425 1210 in
450 1180 641 1210 contrarium
666 1179 888 1220 loquerentur,
923 1181 1049 1210 etiamsi
1073 1180 1112 1211 de
1141 1181 1187 1211 eis
1212 1183 1375 1221 oporteret
1399 1191 1583 1221 expressam
1608 1191 1664 1211 seu
1687 1181 1861 1221 specialem
1885 1181 1953 1211 fieri

299 1231 511 1264 mentionem:
537 1230 651 1271 quibus
676 1230 821 1261 omnibus
845 1234 878 1261 et
901 1231 1042 1271 singulis,
1067 1235 1223 1272 quatenus
1243 1232 1395 1272 predictis
1411 1231 1462 1262 vel
1486 1232 1579 1262 alicui
1603 1231 1820 1272 predictorum
1844 1231 1952 1262 obvia·
1973 1241 1984 1259 2

301 1285 373 1312 rent
397 1282 427 1311 in
452 1282 574 1321 aliquo,
608 1281 800 1321 derogamus
825 1287 956 1322 eaquem
980 1282 1120 1313 tollimus
1145 1285 1177 1312 et
1201 1283 1343 1313 totaliter
1366 1282 1568 1323 abrogamus,
1613 1282 1700 1313 Nulli
1725 1293 1801 1322 ergo
1825 1283 1953 1313 omnino

301 1332 466 1363 hominum
490 1331 637 1363 Romano
662 1333 798 1373 imperio
822 1333 1048 1372 subiectorum,
1074 1337 1317 1374 quantecunque
1342 1334 1572 1375 preeminentie
1597 1333 1702 1373 fuerit,
1726 1334 1821 1364 liceat
1843 1344 1953 1374 supra-

302 1383 404 1414 dictas
422 1384 450 1413 in
470 1384 627 1423 integrum
645 1384 890 1423 restitutionem,
908 1385 939 1414 in
955 1386 1189 1425 possessionem
1207 1385 1685 1425 reductionem,concessionem
1702 1387 1734 1416 et
1750 1384 1953 1415 collationem

302 1437 426 1465 nostras
455 1434 628 1475 infringere
658 1435 707 1465 vel
739 1436 784 1466 eis
814 1446 871 1467 seu
899 1436 993 1467 alicui
1022 1447 1132 1467 earum
1164 1447 1242 1467 ausu
1270 1437 1441 1467 temerario
1475 1437 1641 1467 contraire.
1688 1435 1720 1466 Si
1749 1436 1818 1476 quis
1846 1439 1954 1466 autem

302 1486 497 1516 contrarium
530 1488 747 1526 attemptare1¹
771 1488 1014 1528 presumpserit,
1050 1491 1156 1518 nostre
1188 1487 1414 1528 indignationis
1445 1488 1591 1519 aculeum
1622 1491 1654 1518 ct
1681 1498 1797 1528 penam
1828 1491 1954 1518 centum

302 1536 504 1567 marcharum
528 1537 610 1575 auri,
641 1548 699 1578 pro
724 1537 855 1568 dimidia
880 1548 1006 1570 camere
1031 1542 1138 1569 nostre
1168 1542 1200 1570 et
1223 1549 1279 1579 pro
1304 1539 1428 1580 reliqua
1451 1539 1582 1569 dimidia
1606 1538 1662 1569 tibi
1686 1541 1719 1569 et
1742 1539 1877 1569 ecclesie
1901 1542 1954 1570 tue

302 1587 540 1628 applicandam,
565 1598 598 1618 se
623 1590 748 1619 noverit
770 1589 977 1620 incursurum.
1018 1590 1055 1620 In
1080 1600 1214 1631 quorum
1239 1591 1379 1621 omnium
1403 1591 1619 1621 testimonium
1643 1594 1740 1631 atque
1764 1590 1860 1620 robur
1882 1600 1953 1631 pre-

303 1642 410 1669 sentes
435 1639 591 1669 conscribi
616 1642 647 1670 et
671 1640 765 1680 sigilli
789 1641 878 1681 regie
903 1642 1080 1672 maiestatis
1103 1644 1209 1672 nostre
1234 1642 1367 1672 fecimus
1391 1643 1585 1682 appensione
1609 1642 1733 1672 muniri.

410 1699 529 1729 Datum
554 1699 585 1729 in
614 1699 742 1730 civitate
766 1699 905 1730 Bellunii
933 1711 991 1740 per
1018 1711 1131 1731 manus
1159 1700 1355 1731 honorabilis
1372 1701 1519 1731 Welislai
1542 1701 1715 1741 Pragensis
1740 1704 1772 1731 et
1788 1700 1954 1741 Wisegra-

304 1749 431 1780 densis⁰
456 1750 662 1780 ecclesiarum
692 1751 850 1790 canonici,
884 1753 972 1792 regie
997 1752 1070 1782 aule
1094 1753 1320 1792 protonotarii,
1351 1753 1419 1783 vice
1442 1752 1635 1783 venerabilis
1651 1752 1828 1784 walerami
1852 1751 1954 1782 archi-

303 1802 444 1842 episcopi
469 1801 698 1839 Coloniensisv,
727 1803 806 1832 sacri
831 1803 956 1842 imperii
981 1813 1038 1842 per
1062 1802 1189 1833 Italiam
1214 1802 1500 1841 archicancellarii,
1525 1813 1608 1833 anno
1632 1803 1761 1833 Domini
1785 1802 1954 1833 millesimo

303 1852 545 1891 OCOXLVHQ
570 1852 741 1883 indictione
766 1853 838 1889 XV,
863 1853 937 1883 XII.
957 1853 1028 1883 Kal.
1047 1854 1193 1894 Augusti,
1218 1855 1306 1894 regni
1330 1855 1428 1884 nostri
1452 1853 1671 1885 Romanorum
1696 1864 1777 1884 anno
1801 1853 1952 1891 secundo,

282 1903 459 1934 ·Bohemie
483 1914 558 1934 vero
583 1905 694 1944 prium.

359 2106 432 2141 240.
470 2106 826 2143 PRIVILEGIUM
854 2107 924 2142 DE
956 2108 1176 2143 IUDAEIS
1206 2107 1469 2144 EPISCOPO
1494 2107 1893 2144 BAMBERGENSI

957 2162 1294 2199 CONCESSUM.

981 2234 1099 2269 1347..
1130 2235 1196 2270 Iul.
1219 2234 1277 2270 24.

414 2331 511 2370 Copia
540 2333 593 2372 (c.)
621 2343 699 2363 saec.
724 2333 798 2363 XV.
838 2334 870 2364 in
901 2333 1006 2365 ‘Libro
1040 2333 1279 2373 privileyz'orwn
1312 2333 1590 2373 Bamberyensium
1614 2334 1644 2363 A
1667 2333 1714 2371 2‘,
1749 2335 1806 2373 qui
1839 2337 1884 2365 est
1918 2335 1951 2364 ‘in

303 2382 428 2413 archivo
452 2383 684 2423 Bamberyensi,
707 2384 760 2421 fol.
784 2386 937 2416 ,ὅθ-56.
988 2385 1129 2417 Contulit
1153 2384 1194 2416 R.
1210 2384 1368 2416 Salomon.

415 2441 490 2481 Req.
508 2443 580 2481 imp.
606 2442 696 2473 VIII
714 2454 762 2474 nr.
779 2444 852 2476 320.

1973 733 1996 751 10

1974 988 1995 1006 15

1973 1497 1997 1515 25

1975 1761 1999 1778 30

1973 2164 1996 2182 35

413 2526 484 2557 Wir
500 2527 577 2557 Karl
595 2538 655 2558 von
672 2527 751 2558 Gots
768 2529 893 2569 gnaden
910 2529 1100 2560 Romischer
1116 2529 1215 2569 kfinig
1238 2528 1276 2559 21⁰1
1300 2528 1383 2559 allen
1407 2529 1529 2559 czeiten
1553 2539 1657 2559 merei·
1681 2529 1738 2559 dez
1761 2530 1865 2560 reichs
1888 2530 1953 2560 und
1972 2538 1997 2555 40

306 2577 405 2617 kfinig
435 2577 472 2608 zfi
496 2578 619 2608 Behcin
647 2579 815 2610 bekennen
845 2583 918 2618 etc.,
951 2580 1008 2610 daz
1033 2581 1088 2610 wir
1111 2590 1172 2610 von
1202 2579 1424 2609 sunderlichen
1455 2579 1597 2620 gnaden,
1629 2580 1679 2611 die
1704 2581 1761 2611 wir
1784 2580 1888 2612 haben
1915 2581 1952 2611 zfi

305 2639 431 2659 unserm
467 2628 605 2668 ffirsten,
640 2629 712 2660 dem
746 2631 935 2672 crwirdigen
963 2631 1148 2661 Fridrichcn
1181 2630 1389 2670 bysch(ovcn)
1422 2630 1459 2660 21⁹1
1489 2631 1665 2671 Bamberg,
1700 2631 1764 2662 und
1800 2631 1952 2672 seine(m)

407 2721 471 2747 238.
501 2722 525 2753 h)
545 2724 711 2748 Mainhardus
734 2725 774 2750 Oe.
850 2724 867 2755 i)
887 2725 1009 2749 reditibus
1032 2724 1073 2750 Oe.
1151 2722 1176 2755 Β)
1195 2724 1358 2749 Mainardum
1381 2723 1421 2748 Oe.
1501 2723 1519 2753 l)
1539 2727 1715 2751 revocavimus
1738 2725 1778 2749 Oe.
1862 2725 1893 2756 m)
1913 2730 1950 2749 at—

304 2774 353 2796 que
376 2765 416 2789 Oe.
501 2769 525 2796 ὓ)
545 2770 669 2792 attentare
695 2767 721 2791 V.
805 2771 827 2798 0)
848 2768 1085 2799 Weisengradensis
1107 2767 1148 2793 Oe.
1229 2767 1253 2797 P)
1271 2767 1439 2791 Colloniensis
1459 2767 1524 2792 1'0e.
1613 2768 1638 2797 q)
1659 2767 1723 2793 1347
1748 2768 1776 2792 Γ.
