2189 2984
140 700 165 718 10

140 956 163 974 15

139 1211 164 1230 20

140 1726 165 1745 30

139 1983 164 2002 35

140 2240 166 2258 40

654 138 750 164 ACTA
770 137 883 164 REGNI
902 137 1040 164 KAROLI
1060 137 1106 164 IV.
1144 138 1218 164 1348.
1256 138 1375 165 N1Î‡.6O5.
1773 142 1834 171 615

182 229 294 267 gatum
318 225 516 256 redemeris1
542 224 581 255 ab
607 223 731 259 eodem,
756 227 791 254 ut
815 234 911 264 super
933 223 994 254 hiis
1019 224 1084 263 tibi,
1110 224 1346 255 successoribus
1372 225 1432 255 tuis
1457 228 1489 255 et
1513 225 1596 256 dicte
1622 226 1756 257 ecclesie
1781 230 1834 257 tue

184 278 308 318 plenius
341 276 565 315 consulteturst,
598 278 630 306 et
663 285 703 305 ne
735 274 874 315 dampna
906 275 958 306 vel
991 275 1159 316 dispendia
1191 275 1307 306 exinde
1336 276 1516 316 patiamini,
1549 276 1588 307 de
1617 287 1679 317 quo
1711 277 1835 308 debetis

183 329 307 369 premia
330 331 362 358 et
385 327 614 358 retribuciones
637 326 752 357 merito
777 329 953 366 reportare,
979 327 1138 365 volumus,
1164 326 1250 367 quod
1275 329 1317 365 tu,
1342 336 1542 357 successores
1570 328 1614 357 tui
1643 331 1676 358 et
1698 328 1835 359 ecclesia

183 383 237 410 tua
271 379 391 410 dictum
421 379 607 409 comitatum
638 377 850 418 Rupen(se1n)
882 388 955 408 cum
984 378 1139 418 dominio,
1169 378 1403 417 iurisdictione,
1436 379 1560 417 castris,
1593 379 1711 420 opidis,
1743 379 1834 416 villis,

182 430 323 469 vasallis,
360 429 586 467 castrensibus,
620 428 803 459 hominibus
835 440 872 460 ac
904 429 1009 469 bonis,
1042 429 1163 460 iuribus
1192 433 1224 460 et
1252 430 1455 469 pertinenciis
1487 430 1554 460 eius
1583 430 1653 460 aliis
1682 431 1836 461 universis

183 484 269 513 omni
293 481 388 512 modo
421 484 453 512 et
483 482 549 511 iure
575 481 712 511 teneatis
741 483 773 511 et
797 483 907 511 tenere
933 481 1074 521 possitis,
1100 491 1161 521 quo
1188 480 1349 521 predictus
1372 480 1585 521 Reynhardus
1609 482 1712 521 ipsum
1736 482 1834 512 comi-

183 537 282 565 tatum
308 537 340 564 et
364 533 432 563 eius
456 533 670 573 pertinencias
694 532 796 562 tenuit
819 532 966 572 primitus
990 532 1160 573 obligatos,
1185 536 1217 562 et
1241 531 1344 562 donec
1369 531 1435 569 tibi,
1460 531 1551 562 dictis
1568 533 1629 562 tuis
1645 533 1834 563 successori-

181 585 240 616 bus
263 585 313 616 vel
339 584 475 616 ecclesie
500 583 540 614 de
565 584 661 614 tantis
684 583 891 624 pecuniarum
915 584 1061 620 summis,
1086 594 1142 624 pro
1168 582 1282 624 quibus
1312 582 1398 613 idem
1421 582 1634 622 Reynhardus
1658 593 1730 613 enm
1754 583 1834 613 obli-

183 639 292 677 gatum
323 635 435 666 habuit
466 638 498 665 et
527 638 680 676 quantum
708 634 791 665 ultra
819 634 907 665 illam
935 645 1091 665 summam
1121 635 1289 665 occasione
1319 634 1530 674 dampnorum
1560 636 1592 663 et
1622 643 1835 673 expensarum

183 687 491 729 supercrescentium
527 690 558 717 te
594 686 678 717 dicto
713 685 910 726 Reynhardo
946 687 997 717 vel
1033 686 1103 717 aliis
1130 686 1228 726 ipsius
1259 685 1387 715 nomine
1412 685 1462 715 vel
1494 684 1578 715 dicte
1602 684 1836 725 redempcionis

182 740 309 770 racione
341 749 397 769 seu
425 749 520 769 causa
548 737 738 778 persolvisse
768 738 959 777 constiterit,
990 737 1085 768 fuerit
1115 747 1172 777 per
1200 747 1257 767 nos
1285 737 1335 766 vel
1367 740 1492 767 nostros
1523 736 1673 774 heredes,
1702 736 1835 766 comites

181 788 554 830 Lutzellinburgen(ses),
578 789 702 830 plenius
726 789 934 819 satisfactum.
992 789 1056 819 Pro
1086 788 1199 829 quibus
1228 788 1329 818 eciam
1364 788 1570 828 pecuniarum
1603 788 1733 817 summis
1760 798 1834 827 pre-

182 844 300 872 tactum
331 842 516 871 comitatum
551 851 621 870 cum
652 841 715 870 suis
744 840 944 880 pertinentiis
967 841 1122 870 universis
1150 840 1302 880 pretactis
1327 850 1384 879 per
1408 843 1453 875 te,
1483 842 1553 869 tuos
1581 849 1781 869 successores
1805 842 1837 869 et

183 893 351 924 ecclesiam
376 893 442 922 sine
468 892 681 922 defalcatione
706 894 932 932 perceptorum
956 891 1007 922 vel
1031 891 1310 932 percipiendorum
1335 890 1375 920 ab
1401 891 1446 921 eis
1471 890 1609 921 tenenda
1633 893 1665 920 et
1688 890 1837 921 habenda

182 943 273 974 vobis
297 947 407 974 tenore
431 943 632 984 presencium
657 942 850 983 obligamus,
876 954 914 973 eo
938 953 1014 974 sane
1040 943 1141 973 salvo:
1172 943 1197 972 si
1226 942 1350 983 aliquas
1379 943 1531 983 pecunias
1563 943 1728 973 occasione
1761 942 1836 973 dicti

183 995 352 1027 comitatus
380 995 478 1025 nostri
506 994 860 1035 Lutzellinburgen(sis)
885 994 936 1025 vel
965 994 1233 1034 pertinenciarum
1259 994 1357 1034 ipsius
1382 994 1604 1034 provenientes
1632 994 1663 1024 in
1686 993 1835 1034 redemp-

183 1047 308 1078 cionem
338 1046 414 1077 dieti
447 1046 618 1076 comitatus
646 1045 805 1086 Rupensis
837 1050 869 1076 et
899 1046 1167 1086 pertinenciarum
1197 1045 1295 1086 ipsius
1327 1056 1385 1086 per
1413 1049 1444 1075 te
1466 1045 1526 1075 ,vel
1556 1045 1653 1075 alium
1677 1055 1732 1076 seu
1757 1045 1836 1075 alios

182 1097 370 1136 contuleris,
402 1097 486 1138 quod
515 1097 697 1128 huiusmodi
728 1097 863 1137 pecunie
896 1096 1060 1127 debebunt
1088 1096 1178 1127 nobis
1205 1096 1235 1126 in
1267 1096 1336 1126 aliis
1365 1097 1479 1126 nostris
1509 1096 1640 1135 debitis,
1668 1097 1698 1126 in
1723 1096 1836 1136 quibus

183 1148 240 1180 tibi
269 1148 396 1180 aliunde
429 1149 531 1179 teneri
562 1148 772 1187 dinoscimur,
802 1148 972 1185 defaleari,
1003 1152 1035 1178 et
1065 1159 1103 1179 eo
1129 1149 1229 1178 eciam
1255 1147 1380 1178 addito:
1406 1148 1431 1177 si
1456 1151 1561 1178 tantas
1584 1148 1749 1188 pecunias,
1779 1158 1836 1188 pro

184 1199 297 1241 quibus
325 1200 444 1231 dietum
474 1201 660 1230 comitatum
690 1199 878 1240 Rupensem
915 1211 985 1230 cum
1019 1201 1082 1230 suis
1117 1199 1321 1241 pertinenciis
1356 1202 1389 1229 tu
1419 1199 1469 1229 vel
1501 1209 1701 1229 successores
1730 1199 1775 1229 tui
1805 1203 1836 1229 et

183 1252 318 1283 ecclesia
348 1252 436 1282 iuxta
464 1251 594 1282 modum
622 1255 803 1292 pretactum
834 1252 955 1282 habere
984 1256 1016 1283 et
1040 1253 1177 1282 retinere
1203 1251 1375 1287 debebitis,
1406 1251 1456 1281 inb
1480 1250 1551 1280 aliis
1580 1249 1837 1290 equivalentibus

183 1303 273 1334 bonis
297 1303 435 1333 Romani
460 1303 549 1344 regni
574 1303 624 1333 vel
649 1303 790 1343 imperii,
823 1313 884 1344 quc
914 1303 955 1334 ad
984 1303 1045 1334 hoe
1069 1303 1259 1334 sufficientia
1284 1303 1331 1333 vel
1357 1302 1577 1343 competencia
1600 1301 1835 1342 reputaveritis,

186 1355 242 1385 tibi
266 1354 318 1385 vel
342 1354 464 1385 eisdem
490 1355 726 1385 successoribus
751 1358 782 1385 et
808 1355 1020 1385 ecclesie.t110
1039 1355 1363 1385 demonstraverimus
1386 1357 1419 1384 et
1442 1353 1622 1384 huiusmodi
1639 1353 1722 1383 bona
1739 1353 1837 1393 ipsius

182 1406 321 1437 Romani
345 1407 434 1446 regni
458 1405 510 1436 vel
534 1406 660 1446 imperii
685 1417 741 1446 pro
768 1406 888 1436 eisdem
914 1407 1119 1447 pecuniarum
1145 1406 1276 1436 summis
1300 1406 1359 1436 rite
1385 1409 1417 1436 et
1440 1404 1565 1445 ydonee
1590 1403 1680 1434 vobis
1705 1403 1836 1434 demon-

139 1468 151 1486 2
183 1458 389 1488 straverimus
421 1460 453 1487 et
488 1468 544 1488 vos
569 1468 697 1488 securos
730 1458 900 1488 fecerimus
935 1458 974 1488 de
1010 1458 1148 1497 eisdem,
1184 1457 1270 1498 quod
1306 1467 1362 1497 per
1394 1456 1454 1487 hoc
1493 1456 1610 1486 dictum
1651 1455 1836 1486 comitatum

182 1508 367 1550 Rupensem
393 1520 463 1539 cum
488 1509 552 1539 suis
576 1509 780 1550 pertinenciis
804 1509 963 1540 redimere
989 1510 1175 1550 poterimus,
1199 1509 1244 1539 ita
1261 1508 1347 1549 quod
1372 1512 1488 1539 extunc
1513 1507 1554 1538 ad
1579 1518 1634 1537 nos
1659 1511 1690 1537 et
1714 1510 1837 1536 nostros

182 1560 320 1591 heredes
336 1561 469 1591 comites
486 1560 878 1601 Luczellin(bur)gen(ses)
903 1561 1002 1591 libere
1028 1561 1241 1591 revolventur.
1280 1560 1321 1590 Et
1346 1570 1394 1599 ea,
1420 1570 1481 1600 quc
1506 1559 1546 1589 de
1570 1558 1714 1599 predicto
1739 1559 1836 1588 comi-

183 1615 251 1642 tatu
285 1611 428 1652 Rupensi
464 1616 496 1642 et
531 1612 598 1642 eius
632 1612 832 1653 pertinentiis
856 1613 1000 1653 superius
1029 1615 1100 1642 sunt
1128 1615 1270 1650 narrata,
1303 1611 1448 1641 similiter
1476 1610 1579 1640 teneri
1614 1614 1645 1640 et
1674 1610 1835 1639 observari

184 1664 328 1694 volumus
353 1664 392 1694 de
417 1664 486 1694 aliis
513 1663 603 1694 bonis
632 1663 672 1694 ad
698 1663 817 1694 dictum
843 1668 985 1694 nostrum
1010 1664 1195 1694 comitatum
1220 1662 1579 1702 Luczellinburgensem
1605 1660 1838 1701 pertinentibus

185 1715 256 1746 aliis
281 1715 440 1755 obligatis,
464 1714 600 1745 venditis
625 1715 675 1745 vel
701 1715 869 1752 distractis,
894 1715 1057 1746 videlicet:
1083 1715 1109 1745 si
1134 1718 1167 1744 tu
1190 1714 1297 1755 aliqua
1322 1725 1362 1744 ex
1386 1714 1461 1754 ipsis
1483 1712 1659 1749 redimeris,
1684 1712 1836 1743 reemeris

184 1767 234 1797 vel
265 1767 345 1797 alias
378 1777 416 1797 ea
446 1767 673 1807 conquisiveris
702 1767 899 1797 absolvendo
929 1770 961 1797 et
989 1766 1155 1807 eripiendo
1184 1776 1223 1796 ea
1253 1766 1291 1796 dc
1321 1764 1466 1795 manibus
1494 1775 1618 1803 eornm,
1644 1764 1696 1804 qui
1722 1763 1835 1793 eadem

183 1817 267 1848 bona
303 1819 346 1848 sic
378 1818 542 1859 possident
570 1819 635 1848 sive
663 1822 786 1857 tenent,
817 1818 901 1859 quod
932 1822 981 1857 tu,
1011 1828 1210 1848 successores
1244 1818 1287 1847 tui
1317 1820 1349 1847 et
1379 1816 1514 1847 ecclesia
1543 1814 1724 1845 huiusmodi
1754 1814 1837 1844 bona

184 1872 293 1900 tenere
325 1873 357 1900 et
385 1869 549 1910 possidere
578 1870 705 1910 possitis
735 1880 772 1900 eo
803 1869 899 1900 modo
933 1873 965 1900 et
996 1870 1078 1907 iure,
1104 1868 1217 1909 quibus
1242 1869 1285 1898 illi
1311 1878 1350 1898 ea
1374 1870 1558 1905 tenuerunt,
1583 1877 1601 1896 a
1626 1865 1741 1907 quibus
1765 1869 1837 1895 sunt

184 1921 358 1962 redempti,
383 1921 511 1952 liberati
539 1922 591 1952 vel
619 1921 713 1952 aliter
741 1921 894 1959 absoluti,
931 1926 962 1952 et
996 1924 1060 1952 tam
1085 1921 1153 1958 diu,
1190 1921 1292 1950 donee
1323 1919 1411 1950 vobis
1443 1919 1481 1949 de
1510 1918 1605 1949 tantis
1629 1917 1836 1959 pecuniarum

184 1973 325 2013 summis,
350 1984 407 2013 pro
426 1973 552 2013 quantis
578 1973 728 2014 obligata,
753 1973 882 2003 vendita
906 1973 956 2004 vel
980 1973 1059 2003 alias
1084 1972 1237 2003 distracta
1261 1972 1389 2001 fuerunt
1413 1974 1444 2001 et
1467 1973 1618 2011 quantum
1637 1970 1737 1999 eciam
1755 1969 1837 1999 ultra

184 2023 254 2054 illas
279 2034 419 2054 summas
443 2028 474 2054 te
499 2035 556 2065 pro
581 2035 691 2055 eorum
716 2024 907 2055 liberatione
933 2025 1063 2055 solvisse
1088 2023 1139 2054 vel
1164 2024 1351 2064 exposuisse
1377 2022 1564 2056 constiterit,
1589 2020 1677 2051 vobis
1694 2020 1836 2060 plenarie

185 2074 281 2105 fuerit
305 2076 514 2106 satisfactum.
560 2076 702 2106 Firmam
728 2086 816 2116 spem
843 2075 899 2106 tibi
917 2076 1029 2106 dantes
1054 2079 1086 2106 et
1109 2075 1333 2105 nichilominus
1350 2085 1406 2114 pro
1425 2073 1514 2103 nobis
1531 2076 1563 2103 et
1579 2072 1693 2102 nostris
1709 2070 1836 2101 heredi-

184 2126 242 2157 bus
267 2127 505 2167 promittenteS,
531 2127 616 2167 quod
640 2138 736 2168 super
760 2127 926 2167 prelibatis
949 2127 1040 2158 bonis
1064 2138 1122 2167 per
1146 2130 1177 2157 te
1201 2127 1265 2157 iam
1290 2125 1465 2166 redemptis
1489 2123 1584 2154 modo
1608 2123 1762 2163 premisso
1786 2121 1836 2151 vel

184 2177 214 2208 in
242 2182 404 2218 posterum
440 2178 652 2217 redimendis,
681 2179 863 2209 reemendis
896 2179 946 2209 vel
982 2178 1155 2209 liberandis
1190 2182 1222 2208 et
1257 2177 1431 2207 eorundem
1461 2176 1616 2206 bonorum
1646 2173 1835 2211 attinenciis,

186 2229 338 2269 quamdiu
362 2229 428 2269 tibi,
453 2253 460 2260 .
480 2255 485 2260 .
511 2230 746 2260 successoribus
766 2231 827 2260 tuis
844 2230 893 2260 vel
919 2230 1054 2261 ecclesie
1080 2229 1119 2259 de
1144 2230 1240 2259 tantis
1264 2229 1470 2269 pecuniarum
1487 2226 1626 2261 summis,
1649 2235 1705 2265 pro
1723 2223 1836 2264 quibus

184 2280 253 2310 aliis
276 2281 421 2321 primitus
446 2281 589 2321 obligata
606 2282 656 2311 vel
681 2282 759 2312 alias
781 2281 933 2312 distracta
958 2282 1094 2318 fuerunt,
1120 2285 1151 2311 et
1177 2281 1216 2310 de
1242 2280 1304 2310 illis
1328 2281 1436 2317 etiam,
1462 2288 1540 2318 quas
1557 2276 1639 2307 ultra
1656 2274 1836 2305 huiusmodi

184 2342 322 2362 summas
346 2336 377 2363 te
402 2343 458 2373 pro
483 2332 711 2373 redempcione
736 2333 786 2364 vel
811 2333 1005 2363 liberacione
1031 2332 1205 2362 eorundem
1235 2331 1391 2361 1100010111
1416 2329 1546 2359 solvisse
1571 2328 1622 2357 vel
1647 2326 1834 2367 exposuisse

184 2383 369 2423 eonstiterit,
395 2383 500 2424 plene,
526 2388 559 2414 ut
584 2385 788 2425 premittitur,
813 2384 1012 2414 satisfactum
1036 2394 1098 2414 non
1124 2383 1229 2421 fuerit,
1254 2386 1296 2419 te,
1320 2381 1463 2422 prefatos
1487 2388 1686 2410 successores
1711 2382 1781 2407 tuos
1805 2380 1836 2407 et

185 2434 353 2464 ecclesiam
378 2445 439 2465 non
464 2436 656 2476 impetemus
680 2447 737 2466 nec
763 2435 975 2476 impediemus
1000 2446 1058 2475 per
1081 2445 1137 2465 nos
1161 2434 1212 2464 vel
1237 2434 1315 2464 alios
1339 2443 1396 2464 nec
1420 2442 1476 2462 vos
1499 2430 1645 2470 impediri
1670 2429 1835 2470 permitte-

159 2497 167 2513 2Î‡
187 2495 256 2516 mus
291 2487 401 2527 quavis
439 2487 605 2517 occasione
641 2488 707 2518 sive
744 2498 850 2517 eausa.
907 2486 948 2517 Et
979 2487 1004 2516 si
1034 2497 1092 2527 per
1121 2486 1340 2527 ignor-ancien}
1371 2484 1421 2514 vel
1452 2492 1593 2513 errorem
1621 2492 1677 2512 seu
1706 2481 1835 2510 nimiam

184 2538 365 2576 petencium
383 2538 669 2578 importunitatem,
694 2549 752 2579 per
769 2549 862 2579 quam
888 2549 951 2568 non
976 2537 1183 2568 concedenda
1204 2536 1366 2567 multoties
1384 2534 1609 2567 conceduntur,
1634 2533 1728 2562 alicui
1745 2531 1836 2561 alteri

287 2630 353 2656 605.
382 2631 404 2662 á¼ƒ)
424 2633 585 2656 consultatur
604 2632 637 2656 K.
725 2631 749 2663 b)
770 2636 793 2656 et
813 2632 846 2656 K.

290 2708 314 2738 1)
336 2707 419 2732 Cuius
440 2707 623 2739 redemptionis
643 2707 816 2733 Buldmrinus
836 2709 889 2741 ipse
913 2708 1067 2732 mentionem
1092 2708 1160 2738 fucit
1185 2707 1211 2731 rin
1241 2706 1333 2731 litteris
1358 2714 1383 2731 a.
1400 2707 1474 2730 1348.
1500 2703 1575 2729 Febr.
1591 2706 1625 2728 17.
1651 2701 1756 2726 Kurolo
1781 2699 1832 2731 Â»â·205

186 2747 269 2779 dalis,
287 2757 400 2780 quarum
420 2750 547 2783 oriffiwmlc
564 2750 653 2776 cristi?
673 2751 698 2775 [n
719 2750 826 2776 archim
850 2750 1045 2776 Vindobonensi
1064 2750 1195 2782 imperiali
1214 2749 1343 2775 â€˜Bulmnen
1362 2756 1403 2773 m:
1423 2747 1490 2772 â€™Î£Î¤-Î»â€™.
