2189 2984
137 717 161 735 10

139 971 162 989 15

137 1228 163 1247 20

138 1486 162 1505 25

139 1746 163 1765 30

144 2007 167 2026 3⁵

139 2268 164 2286 40

143 2526 167 2544 45

144 2783 169 2801 50

661 154 756 181 ACTA
776 154 889 180 REGNl
908 153 1043 180 KAROLI
1062 154 1109 179 lv.
1147 154 1221 179 13111.
1258 154 1304 180 Ns.
1318 155 1359 180 92.
1770 160 1826 188 1223

181 241 239 268 eius
253 249 385 271 excessus
404 241 573 271 offensiones,
594 240 716 271 iniurias,
735 240 909 269 rebelliones
929 240 1118 266 contumacias
1132 241 1159 266 et
1173 241 1338 273 contemptus
1352 249 1383 266 ac
1396 240 1506 267 hereses
1527 243 1556 267 et
1569 241 1699 268 scismata
1713 243 1823 275 aliaque

184 293 319 319 nonnulla
332 293 512 319 detestabilia
532 292 648 319 crimina
661 293 768 319 notorie
787 291 934 318 commissa
953 301 1002 326 per
1021 300 1082 317 eum
1102 291 1278 325 exigentibus
1297 292 1353 317 suis
1372 292 1514 318 demeritis
1534 295 1561 319 et
1582 293 1670 326 culpis
1684 294 1825 320 horrendis

180 344 265 370 fuerit
288 345 317 370 et
340 344 376 370 sit
401 353 450 378 per
473 344 564 370 sedem
584 344 766 378 apostolicam
787 343 913 378 pluribus
933 343 1018 369 variis
1042 345 1070 369 et
1091 343 1206 370 diversis
1226 344 1542 370 excommunicationum
1569 347 1597 371 ct
1616 345 1829 372 anathematum

181 405 213 422 ac
233 396 296 422 aliis
316 396 393 430 penis
413 399 441 423 et
453 395 601 423 sentenciis
615 396 762 422 innodatus
781 405 813 422 ac
832 396 906 422 omni
925 395 992 426 iure,
1012 395 1120 428 siquod
1136 404 1258 428 unquam
1277 395 1330 421 sibi
1349 396 1376 422 in
1396 404 1480 429 regno
1500 398 1528 422 et
1550 396 1666 429 imperio
1683 397 1795 425 Romani,
1803 400 1828 429 o)

181 450 337 481 competere
356 447 500 481 potuisset,
520 457 569 474 nec
589 458 640 474 non
661 448 788 474 omnibus
806 447 903 478 feudis,
924 456 976 481 que
995 450 1060 474 tunc
1080 456 1097 474 a
1116 447 1240 474 Romana
1261 448 1304 474 vel
1324 447 1387 474 aliis
1407 447 1530 473 ecclesiis
1552 448 1594 474 vel
1616 448 1690 474 dicto
1710 449 1827 483 imperio

181 499 339 527 obtinebat.
366 502 395 526 et
413 499 574 533 specialiter
592 500 696 526 ducatu
715 500 833 526 Bavarie
853 509 885 526 ac
905 500 989 526 etiam
1010 499 1090 525 bonis
1109 499 1171 525 aliis
1190 499 1248 525 suis
1267 499 1394 525 omnibus
1413 500 1562 526 mobilibus
1582 502 1609 525 et
1630 500 1827 532 immobilibus,

178 551 286 577 iuribus
305 554 332 578 et
346 551 583 578 iurisdictionibus
598 551 725 585 privatus
738 553 874 585 perpetuo
894 551 1003 577 iustitia
1023 551 1156 577 suadente
1176 560 1207 576 ac
1227 551 1260 577 de
1280 550 1369 577 heresi
1388 552 1416 576 et
1435 551 1565 577 scismate
1585 553 1612 577 et
1631 551 1694 577 aliis
1714 552 1828 579 diversis

179 602 341 628 criminibus
366 604 395 629 et
413 603 570 629 excessibus
589 603 806 637 condempnatus
831 611 863 628 ac.
883 602 1021 629 hereticus
1040 603 1068 628 et
1087 601 1260 628 scismaticus
1280 601 1392 635 publice
1412 602 1560 628 nunciatus
1586 604 1614 627 et
1634 606 1782 637 propterca
1801 605 1828 630 in

179 663 264 688 penas
290 656 318 680 et
339 655 494 681 sentencias
517 655 639 681 diversas
662 656 720 681 tam
744 654 772 680 in
791 654 965 688 processibus
984 654 1059 680 dicte
1086 654 1157 680 sedis
1177 653 1334 679 huiusmodi
1360 653 1504 680 occasione
1529 654 1633 680 habitis
1654 658 1749 681 contra
1768 664 1829 682 eum

180 708 325 732 contentas
344 715 427 739 quam
446 707 474 732 in
492 706 550 734 iure
571 709 666 733 contra
684 707 755 733 tales
768 706 887 733 inflictas
907 706 1036 732 incidisse
1056 707 1084 732 et
1103 714 1148 731 eas
1167 705 1290 731 omnino
1310 705 1457 731 iucurrisse
1476 705 1513 731 sit
1534 708 1562 732 et
1576 706 1659 732 fuerit
1673 707 1829 734 declaratus·

179 766 212 784 ac
230 757 315 784 etiam
330 757 432 784 Christi
452 758 578 785 fidelibus
597 758 738 792 expositus
757 758 974 791 impugnandus:
1005 756 1087 793 ego*
1115 759 1260 790 tamquam
1291 757 1409 783 devotus
1440 759 1536 783 sancte
1562 757 1685 784 Romane
1714 760 1829 786 eccles-ic

180 808 252 834 tilius
272 818 405 842 verusque
426 810 515 835 cultor
534 810 672 836 catholice
692 809 755 835 fidei
775 809 946 835 obstinatam
967 810 994 835 et
1018 807 1200 842 pernitiosam
1225 807 1341 833 nimiam
1362 807 1495 834 Ludovici
1523 808 1624 841 prefati
1646 809 1829 842 pertinaciam

179 862 208 887 et
228 860 372 894 perfidiam
391 861 540 887 abhorrens
560 863 589 888 et
608 861 761 887 consultius
780 861 928 887 attendens
943 868 1086 893 processus
1105 859 1177 885 sedis
1196 859 1326 889 eiusdem,
1347 861 1378 885 ut
1398 858 1579 892 premittitur,
1601 860 1712 885 habitos·
1732 864 1828 887 contra,

180 920 241 938 eum
266 914 294 939 et
320 912 495 939 considerans
521 913 617 945 etiam,
644 913 716 946 quod
742 912 858 939 heretici
881 914 909 937 et
928 911 1080 938 scismatici
1099 913 1164 937 sunt
1189 910 1371 937 acatholicis
1398 919 1447 944 pro
1468 911 1571 936 viribus
1595 913 1773 945 expugnandi
1802 915 1831 939 ct

181 964 254 996 quod
268 964 371 990 eisdem
384 964 512 990 fidelibus
530 973 583 990 non
604 964 671 991 licet
690 974 751 990 cum
771 964 838 998 ipsis
852 964 981 990 hereticis
1000 964 1042 989 vel
1058 963 1223 989 scismaticis·
1237 962 1385 993 amicitias,
1405 962 1561 994 societates,
1584 963 1829 995 confederationes,

180 1016 331 1049 pactiones,
352 1015 544 1049 colligationes
555 1016 597 1042 vel
618 1016 689 1050 ligas
708 1016 817 1049 aliquas
836 1016 925 1042 facere
946 1016 988 1041 vel
1010 1015 1120 1046 habere,
1140 1014 1174 1039 ob
1194 1015 1281 1040 zelum
1296 1014 1345 1040 Dei
1365 1016 1392 1040 et
1412 1014 1533 1040 eiusdem
1553 1014 1623 1046 fidei,
1644 1015 1677 1040 ad
1698 1015 1828 1042 honorem

180 1066 267 1100 ipsius
286 1069 380 1093 sancte
402 1067 522 1093 Romane
542 1067 656 1094 ecclesie
676 1067 772 1094 matris
792 1076 851 1094 mee
876 1069 904 1093 et
929 1068 963 1093 ob
984 1067 1172 1095 devotionem,
1199 1075 1282 1099 (piam
1302 1066 1390 1091 habeo
1415 1066 1449 1091 ad
1470 1066 1572 1099 ipsam.
1600 1075 1632 1092 ac
1657 1067 1741 1093 etiam
1770 1077 1830 1094 con-

179 1118 300 1145 sciencia
314 1118 412 1144 merito
426 1128 468 1145 me
482 1121 605 1152 urgente,
627 1119 772 1145 intendens
786 1119 955 1145 Ludovicnin
970 1119 1107 1152 prefatum
1122 1118 1200 1144 iuxta
1215 1117 1336 1151 ipsorum
1351 1126 1526 1151 processuum
1541 1117 1646 1145 seriem,
1666 1120 1748 1151 prout
1762 1119 1829 1145 milii

181 1170 235 1196 erit
255 1170 393 1204 possibile,
414 1171 590 1204 impugnare,
617 1171 689 1197 bona
712 1171 763 1197 fide
784 1171 916 1204 promitto
944 1173 971 1197 et
990 1171 1025 1197 ad
1045 1173 1142 1196 sancta
1162 1170 1211 1195 Dei
1232 1170 1378 1201 euangelia
1399 1179 1447 1203 per
1467 1179 1509 1195 1110
1529 1169 1711 1202 corporaliter
1730 1174 1829 1204 spoia-1,

181 1223 259 1248 tacta
278 1222 345 1253 iure,
365 1222 446 1255 quod,
472 1222 507 1247 ad
526 1231 727 1255 quemcumque
746 1224 850 1248 statum
870 1222 1051 1256 perv‹.·nerim,
1071 1221 1193 1255 quandiu
1215 1221 1285 1247 idem
1306 1221 1459 1247 Ludovicus
1482 1221 1508 1246 111
1529 1221 1686 1247 huiusmodi
1707 1223 1830 1255 perfidia,

181 1273 278 1305 heresi,
298 1273 440 1304 scismate,
461 1273 629 1307 pertinacia,
655 1274 811 1300 excessibus
831 1276 857 1300 et
878 1274 1040 1300 criminibus
1061 1273 1235 1307 permanebit
1255 1275 1282 1299 et
1301 1273 1425 1305 quandiu
1445 1273 1604 1299 subiacebit
1624 1273 1702 1306 penis
1722 1277 1750 1300 et
1769 1284 1826 1301 scn-

180 1325 279 1352 tenciis
298 1325 466 1359 supradictis
485 1328 514 1353 et
532 1326 654 1360 quandiu
674 1326 727 1352 erit
746 1327 824 1351 extra
843 1326 965 1359 graciam
985 1325 1059 1352 dicte
1079 1325 1163 1355 sedis,
1185 1325 1291 1350 nullam
1311 1324 1482 1352 amiciciam.
1507 1325 1683 1356 societatem,
1705 1327 1828 1352 consede-

181 1377 329 1408 rationem,
357 1377 527 1411 pactionem,
554 1377 764 1411 colligacioncin
785 1378 827 1404 vel
847 1377 934 1411 ligam
955 1387 1016 1404 cum
1042 1386 1073 1404 eo
1093 1377 1205 1408 faciam,
1234 1379 1262 1402 et
1284 1376 1306 1401 si
1331 1376 1441 1409 aliquas
1466 1377 1600 1402 hactenus
1626 1377 1764 1407 fecissem,
1791 1378 1830 1403 eis

181 1429 214 1454 de
234 1431 325 1456 cetero
344 1438 397 1455 non
417 1431 487 1455 utar.
520 1430 589 1456 Item
608 1430 742 1463 promitto
762 1431 789 1455 ct
810 1430 876 1459 iuro,
897 1429 969 1463 quod
989 1429 1093 1455 nullam
1113 1429 1295 1462 parentelam,
1316 1428 1590 1461 consanguinitatem
1604 1429 1647 1455 vel
1661 1429 1828 1456 affinitatem

182 1489 244 1507 cum
256 1481 394 1508 Ludovico
408 1482 516 1515 prefato
530 1491 578 1508 nec
593 1482 798 1508 matrimonium
813 1482 855 1508 vel
870 1481 1011 1515 sponsalia
1025 1481 1120 1514 aliqua
1133 1482 1183 1506 aut
1197 1480 1379 1514 parentelam,
1395 1480 1667 1513 consanguinitatem
1682 1481 1725 1507 vel
1739 1481 1827 1507 affini-

182 1534 269 1559 tatem
290 1542 351 1558 cum
371 1534 465 1567 aliquo
485 1534 527 1560 vel
547 1534 642 1567 aliqua
661 1543 708 1560 seu
727 1533 868 1567 aliquibus
887 1534 922 1559 ab
942 1534 1037 1559 eodem
1052 1533 1191 1559 Ludovico
1211 1541 1260 1566 per
1279 1532 1462 1558 masculinam
1482 1532 1525 1558 vel
1547 1532 1709 1558 femininam
1730 1533 1830 1559 lineam

182 1584 413 1611 descendentibus
427 1586 590 1612 contraham
602 1586 724 1612 Romano
737 1585 869 1619 pontifice
885 1585 1040 1611 inconsulto
1055 1586 1082 1610 et
1097 1584 1201 1617 absquo
1216 1584 1304 1617 ipsius
1319 1584 1390 1610 sedis
1406 1583 1523 1610 licencia
1537 1584 1665 1617 special&
1680 1594 1729 1611 nco
1744 1585 1831 1611 cidem

182 1636 321 1663 Ludovico
340 1637 494 1668 consilium,
513 1637 647 1664 auxilium
668 1638 710 1664 vel
724 1638 846 1664 favorem
867 1637 1024 1671 impendam
1044 1645 1094 1670 pcr
1112 1645 1154 1662 me
1175 1636 1217 1662 vel
1237 1635 1324 1662 alium
1342 1645 1389 1662 scu
1410 1635 1480 1662 alios
1500 1636 1604 1662 directe
1624 1636 1667 1661 vel
1687 1636 1829 1667 indirecte,

182 1689 294 1722 publice
315 1689 358 1715 vel
377 1689 498 1720 oeculte;
517 1690 584 1723 quin
603 1699 667 1723 ymo
690 1689 806 1715 eundem
828 1689 996 1714 Ludovicum
1016 1688 1094 1714 iuxta
1114 1688 1234 1721 ipsorum
1254 1696 1430 1721 processuum
1455 1687 1657 1714 continentiam
1676 1688 1743 1714 totis
1763 1688 1831 1714 meis

182 1740 286 1767 viribus
299 1740 478 1775 impugnabo.
498 1741 664 1775 expugnabo
683 1743 711 1768 et
730 1750 898 1775 persequar,
919 1743 947 1767 et
967 1750 1048 1775 super
1067 1740 1121 1766 hiis
1136 1740 1235 1767 faciam
1249 1739 1385 1771 totaliter,
1404 1739 1517 1766 realiter
1535 1741 1564 1765 ct
1583 1739 1733 1765 efficaciter
1752 1748 1831 1773 posse

180 1800 279 1818 meum.
317 1792 374 1824 Que
394 1792 506 1825 quidem
526 1793 617 1819 omnia
637 1795 665 1819 et
683 1793 793 1827 singula
813 1802 844 1819 ex
865 1792 954 1818 causis
975 1792 1106 1826 predictis
1126 1794 1154 1818 et
1173 1792 1207 1818 ob
1228 1800 1274 1818 eas
1293 1792 1373 1817 modo
1392 1791 1519 1825 predicto
1539 1793 1616 1817 rocta
1635 1793 1663 1816 et
1682 1800 1751 1824 pura
1771 1792 1830 1819 tide,

181 1843 239 1870 sine
259 1843 332 1870 omni
357 1844 420 1871 dolo
439 1846 467 1871 et
484 1845 581 1871 fraude
600 1845 734 1878 promitto
759 1847 788 1871 et
806 1845 842 1870 ad
860 1846 958 1870 sancta.
976 1844 1027 1870 Dei
1051 1844 1198 1877 euangelia
1218 1843 1401 1877 corporaliter
1420 1845 1518 1877 sponte
1538 1845 1616 1868 tacta
1636 1843 1694 1868 iuro
1714 1852 1756 1869 mc
1776 1844 1831 1869 esli-

182 1895 285 1922 caciter
303 1898 477 1923 servaturum
496 1898 524 1923 et
543 1897 746 1931 completurum
765 1898 825 1923 toto
846 1905 932 1929 posse,
955 1898 982 1922 et
1003 1896 1076 1929 quod
1096 1898 1193 1922 contra
1212 1895 1345 1930 premissa
1367 1895 1408 1921 vel
1429 1904 1522 1921 corum
1543 1894 1638 1927 aliqua
1658 1903 1707 1928 per
1726 1903 1767 1920 mc
1788 1895 1830 1919 vel

181 1947 269 1973 alium
287 1956 334 1974 seu
353 1948 422 1974 alios
441 1948 545 1975 directe
565 1949 609 1974 vel
627 1949 770 1980 indirecte,
792 1949 904 1983 publice
925 1949 967 1975 vel
982 1949 1090 1974 occulte
1108 1948 1205 1981 aliqua
1224 1948 1351 1974 ratione*
1371 1947 1412 1973 vel
1434 1956 1525 1977 cansa,
1546 1946 1658 1980 ingenio
1678 1947 1719 1972 vel
1741 1947 1831 1973 colore

186 2000 343 2026 nullatenus
363 2000 479 2026 veniam.

289 2049 324 2078 In
357 2059 490 2090 quorum
524 2051 664 2080 011111111111
700 2054 731 2080 ct
767 2049 963 2089 singulorum
992 2049 1208 2079 testimonium
1245 2058 1306 2088 ego
1338 2047 1471 2078 (sarolus
1503 2047 1623 2077 electus
1656 2045 1832 2087 prelibatus

182 2104 347 2141 presentes
382 2111 470 2131 meas
501 2105 648 2141 patentes
675 2101 797 2132 litteras
832 2112 889 2141 pcr
912 2100 1135 2131 Iscmbardum
1168 2099 1329 2141 publicum
1367 2109 1462 2139 supra
1498 2102 1529 2128 et
1566 2098 1647 2128 infra
1679 2099 1831 2138 scriptum

183 2153 339 2182 notarium
364 2152 471 2189 scribi,
500 2153 655 2193 publicari
680 2153 742 2183 feci
766 2156 797 2183 et
820 2152 914 2193 sigilli
939 2153 1044 2193 magni
1070 2151 1306 2182 marchionatus
1330 2151 1393 2181 mei
1417 2150 1575 2187 Moravic,
1609 2159 1670 2189 quo
1695 2152 1766 2179 utor
1790 2149 1831 2179 ad

183 2214 324 2244 presens,
349 2205 423 2234 iussi
447 2205 642 2245 appensione
668 2205 791 2235 muniri.

290 2257 408 2287 Datum
426 2257 457 2286 in
473 2259 576 2287 castro
593 2256 866 2297 Lucembcrgeusi
882 2266 975 2295 anno,
997 2255 1180 2294 indictione,
1205 2255 1267 2292 dic,
1284 2264 1393 2284 mense
1411 2256 1443 2284 et
1459 2253 1644 2293 pontificatu
1662 2251 1828 2292 predictis,

184 2308 383 2350 presentibus
406 2308 570 2348 religiose,
594 2307 830 2339 venerabilibus
855 2310 886 2338 et
910 2307 1054 2338 discretis
1078 2308 1152 2337 viris
1176 2306 1315 2347 dompno
1341 2305 1478 2346 Symouc
1504 2304 1621 2334 abbate
1646 2304 1831 2334 monasterii

185 2360 278 2391 beate
309 2360 410 2390 Marie
443 2361 475 2390 in
504 2359 726 2390 Lueemburch
761 2359 880 2390 ordinis
911 2360 1011 2389 sancti
1042 2358 1210 2389 Benedicti
1248 2362 1279 2389 ct
1310 2357 1446 2387 dominis
1482 2356 1655 2387 Guillehno
1688 2355 1830 2385 Pinchon

185 2411 408 2443 archidiacono
442 2411 662 2451 Abi-incensis,
696 2411 830 2441 Nicolao
866 2411 1028 2451 preposito
1065 2409 1244 2447 Saccensis,
1281 2409 1414 2439 Nicolao
1451 2407 1572 2438 decano
1609 2406 1829 2436 Olomuccnsis

186 2463 391 2494 ecclesiarum
420 2473 456 2494 ac
487 2462 598 2504 Chyno
634 2462 673 2493 de
704 2463 899 2494 Castellione
933 2462 1064 2493 doctore
1095 2461 1202 2502 legum
1238 2464 1269 2492 ct
1301 2471 1396 2501 quam
1426 2458 1569 2500 pluribus
1600 2456 1720 2487 ibidcm
1757 2460 1829 2487 tunc

187 2514 256 2545 aliis
283 2514 346 2545 fide
376 2514 479 2555 dignis
507 2515 644 2553 clericis,
680 2514 769 2545 laicis
804 2517 836 2544 et
868 2513 1033 2552 militibus,
1069 2513 1203 2544 testibus
1238 2512 1277 2543 ad
1308 2512 1464 2553 premissa
1494 2510 1614 2540 vocatis
1649 2508 1830 2548 specialiter

185 2568 218 2597 et
240 2566 369 2607 rogatis.

292 2617 337 2657 (S.
354 2617 406 2657 N.)
441 2616 483 2647 Et
507 2627 567 2658 ego
584 2616 790 2647 Isembardus
806 2617 927 2648 Mathei
949 2616 1110 2657 quondam
1135 2616 1174 2647 de
1192 2616 1348 2656 Antringa
1366 2615 1498 2645 clericus
1513 2612 1665 2643 Metcnsis
1683 2611 1826 2647 diocesis,

186 2669 330 2710 publicus
354 2669 529 2710 apostolica
553 2672 585 2700 et
606 2669 765 2710 imperiali
788 2669 976 2700 auctoritate
1000 2669 1149 2703 notarum,
1174 2668 1324 2709 predictis
1348 2664 1619 2707 promissionibus,
1645 2662 1828 2693 iuramentis

187 2721 333 2751 omnibus
368 2724 400 2751 et
434 2721 579 2762 singuliS,
613 2720 689 2751 fidei
723 2720 948 2761 prestation(e)
982 2719 1021 2750 ab
1056 2720 1125 2760 ipso
1161 2719 1288 2750 domino
1326 2717 1441 2749 Carolo
1483 2716 1585 2747 electo
1622 2713 1830 2753 00111011111101·

187 2773 336 2813 prestitiS,
354 2773 446 2803 tactis
462 2783 519 2813 per
536 2783 608 2803 eum
625 2772 771 2804 faciendo
789 2772 953 2813 quodlibet
970 2773 1182 2803 iuramentum
1199 2771 1400 2812 singulariter
1417 2766 1625 2799 saerosanctis
1643 2764 1826 2804 euangeliis,

1580 2825 1626 2851 16¹²
