2189 2984
346 143 408 171 (3255
840 138 933 164 ACTA
956 138 1068 164 REGNI
1088 137 1221 163 Ix'AuoLl
1246 137 1289 162 lY.
1329 138 1402 163 1:348.
1439 137 1486 163 ΧΓ.
1501 137 1558 163 4391.

349 226 449 255 111111111
475 225 513 255 de
539 225 668 265 speciali
695 225 762 254 cius
786 224 867 264 iure,
896 225 1063 265 privilegio
1088 224 1137 254 vel
1163 223 1394 254 consuetudine
1420 223 1537 254 debeat
1561 225 1736 264 pertinere,
1762 230 1893 265 propter
1916 227 2001 267 quod

346 277 602 307 commissionem
621 275 792 306 secumdam
809 300 900 307 .....
919 276 993 306 duxi
1020 276 1059 306 ad
1078 278 1273 306 memoratos
1288 275 1487 305 Walramum
1513 280 1544 305 et
1562 276 1628 305 eius
1645 276 1743 306 filium
1761 277 2001 308 concedendam

345 328 402 358 sub
428 328 512 358 dicto
538 335 642 358 vestro
667 327 780 368 sigillo.

456 448 594 478 Karolus
618 447 679 477 Dei
713 448 816 487 gratia
840 447 1058 478 Romanorum
1092 456 1147 476 rex
1179 456 1306 486 semper
1334 453 1486 487 augustus
1516 454 1547 476 et
1576 447 1709 478 Bocmie
1740 457 1798 478 rex
1902 449 2000 479 nobili

347 500 512 530 XYalramo
538 499 577 530 de
602 499 851 539 Luczillimburg
875 498 1003 528 domino
1029 497 1067 527 de
1093 498 1204 538 Lyney
1229 501 1261 527 et
1285 497 1417 527 Iohanni
1444 498 1511 528 eius
1535 498 1609 538 filio,
1635 498 1808 529 castellano
1833 499 2000 539 Insulensi,

345 551 589 591 consanguineis
614 555 646 581 et
670 550 817 580 fidelibus
841 550 905 580 suis
929 549 1063 584 dilectis,
1167 549 1304 589 gratiam
1329 549 1451 589 regiam
1477 560 1547 580 cum
1572 549 1684 582 salute.

453 602 504 632 Ad
530 602 588 633 hec
613 603 695 633 inter
719 606 826 632 vetera
851 611 987 641 superne
1013 600 1228 641 dispositionis
1253 601 1406 641 provisio,
1431 605 1465 632 ut
1488 601 1540 641 pie
1565 604 1726 641 tenemus⁷
1750 607 1857 633 nostre
1882 604 2001 634 sereni-

345 655 418 685 tatis
443 665 612 695 personam
638 656 859 694 qua(1n)quam
886 653 1077 682 immeritam
1104 653 1134 682 in
1157 652 1304 683 Romane
1329 653 1417 693 regie
1443 652 1607 693 dignitatis
1631 653 1782 684 eminenti
1806 654 1885 685 solio
1910 666 2000 695 mag-

347 707 438 736 nitice
465 706 645 736 collocavit.
670 708 704 735 ut
728 705 845 734 iustitie
865 704 977 734 throno
996 703 1196 744 presidentes
1214 703 1410 744 quibuslibet
1426 705 1527 744 passis
1543 705 1690 735 iniuriam
1707 704 1775 735 sine
1791 716 2000 746 personarum

344 758 532 798 acceptione
563 758 688 797 copiam
718 756 836 786 iustitio
862 757 1078 786 ministremus
1107 763 1138 786 et
1162 757 1251 796 regio
1281 755 1430 786 subiectis
1461 756 1591 786 culmini
1619 767 1732 797 pacem
1763 760 1795 788 et
1823 758 1999 798 tranquilli-

346 812 454 839 tatem.
480 809 538 839 sub
564 808 677 849 quibus
702 808 790 848 pacis
815 812 976 839 auctorem
1004 808 1110 848 quiete
1135 808 1263 837 valeant
1287 808 1442 845 revereri,
1467 807 1689 839 scandalorum
1716 812 1747 839 et
1771 808 2000 840 discordiarum

344 861 384 891 ab
409 861 484 900 ipsis
509 860 617 890 evulsa
643 863 670 889 et
699 859 861 890 eradicata
886 870 942 900 pro
968 859 1086 889 viribus
1110 858 1237 900 penitus
1261 859 1397 889 materia
1414 859 1584 890 salubriter
1600 870 1815 900 procuremus.
1862 860 1945 892 Sane
1970 862 2001 891 in

345 915 450 942 nostre
480 911 676 942 celsitudinis
706 922 745 941 ex
775 914 864 952 parte
896 910 1087 941 venerabilis
1113 911 1241 951 capituli
1274 911 1408 941 ecclesie
1434 910 1701 949 (Talneracemsis)
1730 913 1827 942 nostri
1858 916 1889 942 et
1919 913 1999 943 sacri

346 963 470 1003 imperii
496 963 601 993 devoti
627 962 735 993 dilecti
760 963 960 993 audienciam
987 965 1034 993 est
1058 961 1242 998 adductum,
1268 962 1363 1003 quod⁷
1472 963 1546 993 licet
1571 963 1677 993 totalis
1701 964 1943 994 amministratio
1969 968 2000 994 et

342 1015 484 1055 regimen
517 1015 671 1045 bonorum
702 1015 926 1055 temporalium
955 1015 1051 1044 totius
1077 1015 1280 1055 episcopatus
1305 1014 1547 1044 (‘'¹a1ne1·aeensis
1575 1014 1709 1045 ecclesie
1738 1015 1896 1056 predicte,
1930 1016 1998 1057 ipsa

346 1070 471 1107 pastore
502 1077 559 1096 scu
588 1066 715 1106 presule
744 1070 873 1096 carente
899 1077 954 1096 scu
978 1067 1076 1106 ipsius
1104 1066 1181 1096 sede
1207 1069 1339 1096 vacante
1365 1069 1396 1096 et
1421 1065 1517 1096 etiam
1543 1069 1610 1096 toto
1635 1070 1795 1107 tempore,
1827 1077 1889 1107 quo
1914 1068 1997 1097 eius-

344 1118 416 1148 dom
442 1118 577 1148 ecclesie
604 1118 783 1158 episeopus„
810 1118 862 1158 qui
880 1118 975 1148 fucrit
992 1128 1049 1158 pro
1069 1122 1222 1158 tempore.
1248 1117 1380 1158 regalia.
1406 1117 1489 1147 bona
1514 1128 1549 1147 ac
1574 1118 1641 1148 iura
1666 1117 1806 1148 feodalia
1830 1119 1891 1148 iam
1914 1118 1997 1150 dicte

342 1169 477 1200 ecclesie
502 1180 520 1199 a
544 1169 635 1199 nobis
661 1172 693 1199 et
717 1180 806 1199 sacro
831 1169 1007 1206 Romame)
1032 1180 1130 1210 regno
1156 1174 1188 1200 et
1213 1170 1346 1210 imperio
1371 1168 1587 1209 dependentia
1611 1179 1628 1198 a
1652 1169 1871 1200 Romanorum
1896 1170 1997 1211 impe—

344 1220 500 1251 ratoribus
524 1230 580 1250 seu
606 1219 745 1260 regibus.
771 1221 823 1260 qui
849 1220 966 1250 fuerint
990 1231 1046 1261 pro
1072 1224 1227 1261 tempore,
1252 1231 1313 1250 non
1339 1221 1498 1261 receperit
1522 1224 1553 1251 et
1577 1222 1801 1261 recognoverit
1830 1232 1866 1252 ac
1894 1222 1996 1263 impe-

344 1273 439 1302 ratori
465 1282 519 1302 seu
544 1272 611 1312 regi
637 1271 853 1301 Romanorum
879 1271 1062 1313 homagium
1094 1283 1130 1302 ac
1155 1271 1263 1302 debite
1287 1271 1451 1302 fidelitatis
1476 1272 1689 1303 iuramentum
1719 1283 1781 1302 non
1812 1274 1996 1313 prestiterit„

341 1328 374 1354 ut
399 1328 535 1362 tenetur,
561 1327 592 1354 et
617 1323 656 1353 de
682 1324 876 1364 receptione,
901 1324 1118 1364 recognitione
1144 1328 1175 1354 ct
1196 1324 1392 1364 prestatione
1417 1323 1598 1354 huiusmodi
1620 1324 1759 1364 capitulo
1784 1323 1867 1355 dicte
1893 1324 1996 1355 eccle-

341 1376 386 1405 sie
412 1386 472 1405 non
499 1375 612 1405 fecerit
636 1375 764 1416 plenam
790 1375 900 1413 fidem7
931 1375 971 1405 ad
1002 1375 1119 1406 dictum
1146 1400 1176 1405 ..
1203 1376 1377 1416 capitulum
1409 1386 1447 1405 ex
1473 1378 1605 1408 statuto,
1638 1376 1805 1416 privilegio
1835 1385 1891 1406 seu
1921 1386 1995 1407 con-

343 1427 510 1457 suetudine
535 1427 628 1467 plene
659 1431 690 1457 et
720 1427 820 1457 libere
845 1427 1035 1467 pertinuisse
1066 1431 1097 1457 ct
1125 1431 1271 1467 spectare
1300 1431 1462 1463 noscatur*
1489 1427 1586 1458 faciut
1614 1437 1741 1468 quoque
1766 1427 1884 1458 dietum
1910 1428 1995 1468 capi-

340 1479 440 1509 tulum
483 1489 539 1508 sua
583 1478 763 1509 huiusmodi
806 1478 1087 1509 administracione
1131 1479 1263 1509 durante
1303 1479 1425 1509 ratione
1461 1478 1535 1508 dicti
1575 1479 1699 1518 statuti7
1741 1479 1899 1519 privilegii
1939 1489 1995 1509 seu

342 1530 581 1561 consuetudinis
606 1531 769 1561 universos
795 1534 827 1560 ct
850 1530 991 1571 singulos
1015 1541 1054 1560 ex
1080 1530 1165 1560 dicta
1190 1530 1326 1561 ccclesia
1350 1540 1407 1560 seu
1431 1530 1619 1570 episcopatu
1644 1529 1894 1569 Cainertsacensi)
1923 1541 1995 1571 pro-

339 1583 505 1612 venientes
529 1582 672 1612 redditus
697 1586 729 1613 et
754 1586 925 1622 proventus
950 1589 980 1611 ct
1005 1586 1129 1612 ceteros
1153 1582 1273 1612 fructus
1297 1592 1383 1619 suos7
1416 1582 1511 1612 fuerit.
1541 1583 1637 1612 etiam
1662 1581 1778 1612 dictum
1809 1582 1993 1622 011111111111111Ἰ

341 1638 374 1663 111
399 1634 562 1671 asseritur,
587 1644 605 1663 a
629 1638 774 1674 tempore
801 1638 831 1664 et
856 1644 913 1673 per
936 1638 1071 1673 tempus.
1097 1634 1184 1671 (alius
1208 1634 1353 1674 principii
1379 1633 1543 1663 hominum
1560 1634 1715 1664 memoria
1740 1644 1800 1663 non
1822 1634 1938 1667 existit,
1964 1634 1993 1663 in

340 1686 541 1726 possessione
576 1686 623 1716 vel
654 1686 744 1726 quasi
774 1685 848 1716 dieti
877 1686 953 1715 iuris
977 1685 1229 1716 amministrandi
1256 1685 1446 1725 tcmliioralia
1474 1686 1575 1715 tocius
1600 1685 1803 1725 episcopatus
1828 1684 1994 1715 Canie1·(a-

293 1768 298 1774 ,
342 1737 458 1777 vensis)
483 1737 618 1777 predicti
644 1740 710 1767 toto
740 1742 899 1777 tempore.
931 1748 992 1777 quo
1021 1761 1050 1767 ..
1077 1738 1246 1778 episcopus
1271 1736 1540 1775 Camertacensis)
1566 1736 1660 1767 fuerit
1690 1737 1719 1766 in
1749 1747 1839 1767 mora
1862 1737 1913 1767 vel
1939 1737 1993 1768 de<

339 1789 424 1818 fectu
469 1789 643 1829 recipiendi
687 1792 833 1829 pretacta
875 1789 997 1829 regalia
1033 1794 1064 1819 et
1102 1788 1197 1820 feoda
1228 1800 1246 1819 a
1275 1788 1494 1819 Romanorum
1530 1798 1606 1829 rege
1635 1788 1684 1818 vel
1717 1788 1926 1828 imperatore,
1961 1791 1995 1818 ut

340 1841 484 1880 superius
513 1844 561 1870 est
589 1844 779 1880 pretaetum,
885 1840 1025 1871 eiusdem
1054 1847 1159 1871 tamen
1185 1841 1319 1871 ecclesie
1345 1866 1375 1871 ..
1400 1841 1582 1881 episcopus,
1613 1841 1665 1880 qui
1695 1840 1753 1870 fuit
1782 1840 1935 1871 hactenus
1964 1844 1995 1871 et

338 1892 442 1922 adhue
467 1896 530 1928 est,
562 1892 636 1922 licet
660 1893 782 1933 regalia
811 1896 842 1922 et
867 1892 961 1922 feoda
986 1892 1164 1923 huiusmodi
1197 1903 1214 1923 a
1240 1896 1346 1923 nostre
1374 1893 1554 1923 serenitatis
1585 1891 1722 1921 culmine
1751 1902 1809 1922 nec
1837 1894 1995 1933 receperit

339 1953 397 1973 nce
427 1945 650 1984 recognoverit
680 1954 738 1974 nec
770 1943 955 1984 homagium
982 1955 1038 1974 net¹
1063 1944 1153 1974 nobis
1178 1944 1284 1974 debite
1309 1943 1473 1974 fidelitatis
1496 1944 1707 1974 iuramentum
1734 1944 1907 1983 prostiterit
1936 1954 1993 1975 nee

339 1995 437 2025 etiam
467 1994 551 2025 dieto
580 1995 720 2035 capitulo
751 1995 790 2025 de
816 1997 1014 2036 receptione.
1048 1997 1265 2037 recognitione
1296 1999 1327 2026 et
1351 1995 1547 2036 prestatione
1572 1995 1724 2036 predictis
1751 1995 1847 2026 fidem
1872 1996 1993 2035 fecerit,

339 2047 420 2076 sieut
444 2057 501 2077 nec
526 2047 638 2086 potuit.
664 2057 697 2077 se
722 2046 805 2077 dicte
823 2048 1098 2078 amministrationi
1125 2048 1163 2077 dc
1189 2048 1273 2078 facto
1291 2048 1462 2078 immiscuit
1487 2050 1519 2077 et
1542 2047 1700 2077 immiscet
1723 2050 1833 2077 contra
1850 2047 1994 2086 predicta

339 2101 507 2135 statutum,
539 2098 739 2138 privilegium
772 2102 803 2129 et
828 2099 1242 2130 consuetudinem*temere
1267 2099 1422 2129 veniendo
1452 2099 1481 2128 in
1510 2098 1663 2139 grandem
1693 2097 1835 2128 ciusdem
1865 2098 1994 2138 capituli

338 2153 370 2180 et
388 2150 522 2180 ecclesie
541 2150 705 2183 lesionem,
724 2150 899 2190 perieulum
919 2154 950 2180 et
966 2151 1131 2185 iacturaun
1151 2151 1189 2181 de
1208 2150 1371 2181 fructibus.
1390 2150 1577 2182 redditibus.
1603 2149 1808 2190 proventibus
1825 2154 1856 2179 et
1872 2149 1994 2180 iuribus

339 2201 482 2231 eiusdem
501 2201 637 2232 ecclesie
662 2212 719 2242 pro
745 2212 800 2232 sue
818 2202 990 2232 voluntatis
1008 2202 1211 2243 beneplacito
1229 2202 1427 2243 disponendo
1453 2205 1484 2232 et
1501 2211 1558 2242 per
1574 2201 1633 2231 hec
1652 2200 1854 2231 destituendo
1875 2201 1993 2231 dictum

337 2253 510 2293 capitulum
536 2264 554 2283 a
579 2263 635 2283 sua
660 2253 862 2293 possessione
887 2254 962 2283 iuris
986 2254 1238 2284 amministrandi
1263 2257 1418 2294 pretaeta,
1541 2256 1573 2282 et
1597 2252 1681 2293 quod
1706 2257 1813 2282 nostra
1837 2253 1993 2283 serenitas

339 2305 377 2334 de
403 2305 583 2335 huiusmodi
609 2308 744 2341 statuto,
769 2305 937 2346 privilegio
962 2308 1016 2335 aut
1041 2306 1269 2336 consuetudine
1301 2309 1332 2335 et
1361 2306 1429 2335 iure
1459 2305 1589 2345 capituli
1618 2305 1753 2344 pretacti
1783 2314 1842 2334 nee
1865 2315 1927 2334 non
1952 2304 1992 2334 de

340 2357 538 2396 possessione
565 2360 596 2386 et
621 2356 833 2387 destitucione
858 2356 1010 2397 predictis
1034 2358 1163 2387 minime
1193 2358 1364 2387 informata
1388 2356 1512 2397 pridem
1537 2356 1625 2387 vobis
1654 2366 1711 2396 per
1738 2355 1817 2385 alias
1848 2355 1991 2385 eiusdem

337 2408 516 2438 screnitatis
534 2408 611 2438 certi
631 2409 748 2438 tenoris
766 2409 906 2439 litteras¹
933 2409 999 2438 iuro
1025 2420 1081 2439 suo
1099 2409 1303 2447 commiserit,
1328 2412 1361 2438 nt
1385 2419 1441 2438 vos
1466 2408 1506 2438 (10
1524 2407 1747 2448 temporalium
1773 2407 1856 2437 dicte
1874 2406 1991 2437 Came-

338 2458 503 2497 racemis)
536 2459 671 2489 ecclesie
705 2460 995 2491 amministracione
1025 2463 1170 2500 pretacta
1200 2471 1269 2490 cnm
1303 2460 1448 2490 onmibus
1478 2461 1542 2490 suis
1569 2458 1787 2500 pertinenciis,
1825 2468 1991 2499 quousque

338 2509 423 2539 idem
450 2534 480 2539 ..
506 2511 674 2550 episcopus
703 2511 788 2541 (licta
816 2511 938 2552 regalia.
969 2522 987 2542 a
1017 2515 1123 2542 nostro
1153 2512 1289 2542 culmine
1319 2513 1495 2552 susciperet
1523 2514 1555 2541 et
1583 2521 1621 2541 ea
1650 2510 1813 2541 humiliter
1841 2520 1990 2550 recogno-

2022 772 2046 790 10

2019 1030 2042 1048 15

2017 1287 2041 1305 ‘20

2014 1545 2038 1563 2⁵

2014 1803 2039 1821 30

2015 2059 2038 2077 35

2011 2316 2038 2335 40

337 2565 449 2599 sceret7
474 2564 508 2590 ut
533 2561 675 2599 111-110101,
702 2567 733 2594 01
758 2564 886 2603 insuper
910 2566 998 2593 tanto
1024 2567 1183 2603 tempore.
1210 2567 1326 2604 quanto
1352 2562 1501 2592 cumdem
1527 2563 1712 2602 episcopum
1744 2561 1928 2592 inveniretis
1959 2561 1988 2590 111
2008 2572 2033 2590 45

337 2622 426 2642 mora
450 2612 561 2642 cadem
589 2614 710 2653 regalia
735 2614 929 2654 suscipiendi
954 2615 1050 2644 fuisso
1076 2619 1108 2645 et
1133 2626 1216 2651 esse,
1245 2615 1312 2644 vice
1338 2620 1369 2644 et
1393 2614 1583 2643 auctoritate
1608 2616 1715 2643 nostra
1739 2613 1989 2643 intromittentes

441 2740 463 2763 11
485 2740 569 2770 ,Νἰιμγιι
592 2748 631 2764 μιν,
646 2744 703 2764 ιῐεω,
