2189 2984
174 687 198 705 10

172 942 196 961 15

172 1198 197 1217 20

172 1701 196 1720 25

171 1991 195 2009 3⁰

170 2246 194 2264 35

169 2502 195 2520 40

644 129 739 156 ACTA
759 129 871 155 REGNI
890 129 1027 156 KAROLI
1047 130 1094 156 IV.
1132 130 1206 156 1348.
1244 130 1290 156 ΝΥ.
1305 130 1362 156 606.
1382 132 1440 158 4507,
1803 138 1863 165 til?

219 214 335 246 Sundis
363 219 395 246 et
425 221 513 246 suasc
537 215 760 256 pertinentiaS,
786 226 846 256 que
871 215 912 245 ad
936 216 1158 256 magistratum
1186 216 1363 246 venationis
1391 217 1516 257 imperii
1544 219 1704 258 pertinere
1729 229 1864 250 noscun-

218 270 283 306 tur,
315 277 374 297 nec
404 277 466 297 non
499 270 623 297 ceteros
648 266 781 297 ducatus
812 272 843 296 et
866 267 1078 307 principatus,
1111 266 1239 302 terrasd,
1269 266 1426 306 dominia,
1460 267 1588 308 pheuda
1621 280 1658 300 ae
1691 271 1798 301 omnia
1833 274 1866 301 et

218 318 359 359 singula,
390 328 451 358 que
476 317 516 348 ab
539 318 674 358 imperio
699 320 810 348 tenent
834 322 865 348 et
889 321 1019 349 actenus
1043 321 1222 355 tenuerunt,
1255 329 1326 349 cum
1351 318 1497 349 omnibus
1522 320 1716 360 civitatibus,
1744 323 1864 361 castris,

218 369 455 408 munitionibus,
480 368 615 409 oppidiS,
640 368 732 408 villis,
756 368 893 407 vasallis,
911 369 1105 410 vasallagiis,
1122 369 1217 407 silvis,
1235 369 1427 408 nemoribus,
1446 369 1574 407 rubetis„
1599 373 1689 412 aquis
1707 376 1739 402 et
1756 383 1865 403 earum

219 419 414 459 decursibus,
438 419 610 458 montibus,
635 419 779 456 vallibus,
804 419 915 460 planis,
940 420 1122 459 teoloneisss,
1148 420 1242 450 mutis
1266 430 1324 450 nec
1347 431 1409 450 non
1431 421 1577 451 omnibus
1600 422 1728 460 iuribus
1746 424 1866 463 gratiis,

217 471 427 511 libertatibus,
453 470 689 507 emunitatibus„
714 471 887 502 honoribus
911 482 948 501 ac
972 472 1086 502 ceteris
1110 471 1314 511 pertinenciis
1339 471 1412 510 suis,
1437 472 1468 501 in
1496 472 1746 515 quibuscumque
1772 474 1867 505 rebus

217 523 391 553 consistant
425 526 479 553 aut
513 522 764 563 quibuscumque
799 522 992 563 specialibus
1025 522 1188 553 vocabulis
1224 522 1456 563 exprimantur.
1493 534 1554 563 que
1589 523 1627 554 ad
1667 526 1867 565 supradictos

217 574 351 605 ducatus
376 577 408 604 et
432 574 628 614 principatus
652 574 813 614 pertinent
841 573 891 604 vel
920 573 959 604 ab
987 574 1117 614 antiquo
1142 574 1333 614 pertinuisse
1357 577 1538 607 noscuntur,
1564 576 1752 606 auctoritate
1777 577 1867 616 regia

216 625 307 656 nobis
332 635 373 656 ex
397 635 487 655 sacro
511 624 658 655 Romano
682 625 818 665 imperio
843 626 1037 665 competenti
1062 624 1252 655 contulimus
1277 628 1309 654 et
1333 625 1525 655 conferimus
1550 626 1699 667 ipsosque
1717 627 1867 667 Barnym,

216 676 424 715 Bohuslaum,
447 676 588 716 Barnym
613 679 645 707 et
668 676 877 706 Wartislaum
903 676 999 707 duces
1023 687 1078 706 suo
1104 679 1136 707 et
1152 675 1306 706 heredum
1325 677 1598 707 suo1·umn‹.›mino
1616 681 1741 718 sceptro
1760 682 1866 709 nostro

216 728 317 769 regali
352 727 585 759 investivimusf
619 727 658 758 de
692 727 845 768 predictis
880 730 912 758 et
946 727 1147 768 presentibus
1181 727 1366 758 investimus
1402 727 1553 758 adhibitis
1589 728 1867 770 solempnitatibus

216 779 332 810 debitis
362 783 394 810 et
424 779 597 817 consuetis,
631 779 812 809 conditione
837 779 907 818 tali,
932 778 1016 819 quod
1048 780 1107 819 ipsi
1136 783 1167 810 et
1196 788 1395 809 successores
1419 780 1559 819 ipsorum
1585 791 1603 810 a
1627 779 1717 810 nobis
1741 784 1772 811 et
1796 792 1866 811 sue-

218 830 396 862 cessoribus
430 831 545 861 nostris
578 830 796 861 Romanorum
830 830 1077 871 imperatoribus
1109 840 1165 861 seu
1195 830 1323 871 regibus
1353 830 1552 871 supradictos
1577 831 1726 870 ducatus,
1752 833 1867 872 princi-

216 886 310 923 patus
343 885 375 912 et
408 885 509 913 terras
543 882 574 912 in
610 881 791 922 pheudum,
827 881 974 922 quotiens
1010 882 1197 919 occurrerit,
1234 882 1395 922 suscipere
1431 882 1624 913 tenebuntur
1659 887 1690 913 et
1722 887 1866 923 prestare

216 933 420 969 obediencie,
454 933 597 974 homagii
632 938 663 963 et
696 932 860 963 fidelitatis
893 932 1024 964 debiteg
1054 934 1244 963 iuramenta.
1306 933 1393 963 Nulli
1429 944 1505 974 ergo
1542 935 1667 975 penitus
1702 935 1867 965 hominum

214 984 312 1015 liceat
335 985 416 1015 hanc
439 988 547 1015 nostre
572 984 785 1015 concessionis
809 985 958 1025 paginam
984 984 1157 1025 infringere
1183 989 1237 1014 aut
1261 985 1289 1015 ei
1315 995 1393 1015 ausu
1417 986 1588 1016 temerario
1613 986 1784 1025 contraire,
1809 986 1866 1016 sub

215 1047 299 1077 pena
334 1038 441 1066 nostre
475 1034 716 1076 indignationis,
751 1045 862 1076 quam,
898 1036 952 1076 qui
986 1046 1078 1066 secus
1113 1038 1306 1076 attemptare
1343 1037 1590 1076 presumpserit,
1625 1047 1658 1067 se
1695 1040 1867 1077 cognoscat

216 1087 356 1128 graviter
379 1087 587 1117 incursurum.
634 1086 836 1117 Presentium
861 1086 918 1117 sub
943 1092 1050 1117 nostre
1074 1087 1252 1117 maiestatis
1277 1087 1381 1127 sigillo
1407 1088 1588 1118 testimonio
1614 1088 1800 1118 litterarum.

323 1137 444 1169 Datum
468 1138 609 1178 Znoyme
634 1148 715 1168 anno
740 1137 869 1168 Domini
897 1137 1065 1169 millesimo
1090 1139 1315 1168 trecentesimo
1346 1138 1593 1179 quadragesimo
1619 1144 1741 1172 octavo,
1766 1139 1865 1170 indie-

216 1190 301 1221 tione
326 1190 437 1231 prima,
462 1189 504 1220 Π.
524 1189 599 1220 Idus
622 1189 714 1223 Iunii,
740 1199 910 1229 regnorum
935 1194 1114 1220 nostrorum
1140 1200 1222 1220 anno
1247 1190 1396 1220 secundo.

566 1345 745 1374 ‹307—609.
782 1342 968 1375 SCRIPTA
993 1342 1081 1374 PRO
1107 1343 1280 1374 BARNIM
1305 1343 1364 1374 ΙΙΙ.
1388 1343 1516 1374 DUCE.

517 1449 602 1484 607.
645 1448 842 1491 Infi‘ecdalio
871 1449 911 1483 (le
939 1449 1065 1482 ducam
1094 1448 1294 1483 Statonensi.
1327 1468 1371 1471 —
1405 1449 1483 1483 [me.
1505 1451 1563 1484 152.

322 1523 395 1563 Rey.
424 1524 495 1562 imp.
520 1523 607 1554 VII]
632 1534 679 1553 ην.
699 1523 760 1552 698
784 1526 811 1552 st
837 1524 929 1553 6le

881 1620 918 1648 A.
955 1618 1071 1648 Forma
1097 1617 1207 1648 (atim.

327 1686 486 1727 Origle'nale
510 1691 582 1727 (or.)
608 1687 640 1716 in
663 1686 787 1717 archivo
810 1686 937 1725 publico
962 1686 1153 1717 Stultimnsi.
1201 1686 1240 1717 In
1260 1686 1343 1726 plica
1370 1685 1495 1724 buitur:
1526 1687 1564 1716 R.
1620 1686 1764 1723 *S'zssqillecm
1797 1698 1866 1717 cum

213 1739 277 1778 filis
300 1738 495 1779 deperditum
518 1741 570 1769 cst.
595 1756 631 1760 —-
660 1737 721 1768 Ed.
744 1738 899 1768 Mencken
923 1737 941 1769 l.
960 1749 982 1768 c.
1008 1737 1061 1768 «rol.
1080 1739 1165 1766 2012
1189 1748 1235 1768 nr.
1259 1736 1287 1766 Γ
1305 1749 1342 1767 ω·
1365 1738 1451 1776 copia
1476 1737 1640 1767 ‹lma-tam
1663 1748 1742 1775 ‘luae
1766 1741 1866 1768 astat

218 1792 250 1822 iu
273 1791 337 1822 cod.
356 1791 444 1830 Lips.
463 1790 546 1819 1⁴:²49
569 1789 620 1827 sul.
641 1791 717 1821 134.-
741 1789 940 1820 Hciuemamz
967 1790 985 1819 l.
1003 1800 1027 1819 c.
1047 1800 1080 1828 p.
1100 1791 1160 1818 165
1186 1799 1232 1819 nr.
1252 1789 1290 1819 II
1304 1789 1333 1819 :l
1358 1800 1395 1818 ca*
1419 1799 1462 1819 or.

322 1876 460 1906 Karolus
484 1875 545 1905 Dei
569 1875 670 1915 gratia
694 1874 912 1905 Romanorum
937 1885 993 1905 rex
1018 1884 1146 1915 semper
1170 1878 1322 1915 augustus
1346 1882 1377 1904 ct
1403 1873 1534 1904 Boemie
1561 1884 1625 1904 rex.
1672 1873 1722 1904 Ad
1748 1885 1863 1916 perpe-

214 1932 301 1959 tuam
326 1929 370 1958 rei
395 1927 593 1958 memoriam.

321 1978 389 2009 Etsi
413 1979 502 2018 regie
526 1978 704 2008 maiestatis
728 1978 957 2018 circumspecta
981 1977 1161 2017 benignitas
1186 1978 1348 2007 universos
1382 1976 1493 2006 fideles
1525 1986 1611 2015 suoS,
1643 1987 1722 2016 quos
1746 1976 1864 2007 Roma-

214 2040 288 2060 num
323 2029 423 2060 ambit
458 2029 642 2070 imperium,
679 2040 718 2060 ex
754 2030 861 2059 innata
894 2028 1069 2059 clemencia
1104 2029 1156 2068 pio
1192 2028 1302 2058 favore
1338 2028 1554 2068 prosequitur,
1585 2027 1625 2057 ad
1655 2027 1725 2057 illos
1757 2031 1863 2057 tamen

214 2081 370 2111 uberioris
393 2080 499 2121 gracie
529 2081 726 2110 incrementa
751 2079 889 2121 quadam
918 2079 1049 2120 speciali
1079 2080 1282 2120 prerogativa
1315 2078 1489 2119 protendit,
1525 2079 1576 2118 qui
1613 2079 1696 2108 circa
1727 2078 1864 2109 Romani

213 2132 339 2172 imperii
373 2132 509 2162 honores
545 2136 576 2162 et
611 2131 747 2162 comoda
781 2142 856 2161 cura
888 2131 1049 2172 pervigili,
1086 2131 1313 2171 obsequiorum
1344 2130 1585 2160 ctnitinuacione
1611 2129 1757 2162 sollicita.
1788 2129 1864 2159 fidei

215 2194 340 2224 quoque
371 2187 403 2213 et
432 2183 606 2224 legalitatis
638 2183 791 2213 industria
824 2183 1042 2213 constantibus
1075 2183 1188 2213 animis
1216 2181 1400 2212 fidelissime
1433 2180 1625 2211 claruerunt.
1679 2180 1762 2211 Sane
1793 2191 1862 2211 cum

214 2235 343 2265 illustris
372 2234 513 2275 Barnym
541 2234 779 2275 Stetync11(sis).
812 2234 1080 2271 Pomeranorum,
1112 2233 1278 2264 Slavorum
1303 2236 1333 2262 et
1360 2231 1574 2262 Cassuborum
1604 2230 1683 2265 (lux,
1717 2232 1864 2272 princeps

215 2289 246 2316 et
274 2286 377 2316 affinis
401 2290 509 2316 noster
538 2286 730 2318 carissimus.
760 2285 799 2316 ad
829 2286 927 2316 instar
951 2286 1036 2316 clare
1067 2285 1222 2315 memorie
1247 2308 1278 2314 ..
1305 2283 1471 2313 illustrium
1502 2283 1741 2323 progenitorum
1766 2283 1864 2322 ipsius

213 2347 270 2367 nos
300 2342 331 2368 et
359 2347 482 2368 sacrum
512 2337 692 2367 Romanum
720 2338 888 2377 imperium
918 2336 1021 2377 dignis
1046 2336 1140 2367 fuerit
1165 2336 1338 2366 honoribus
1362 2339 1531 2364 veneratus
1563 2338 1594 2364 et
1623 2333 1663 2363 ad
1688 2336 1796 2363 nostra
1827 2344 1863 2363 ac

213 2388 349 2428 predicti
372 2389 498 2429 imperii
522 2388 676 2429 obsequia
701 2388 882 2418 cottidianis
906 2388 1068 2419 laboribus
1093 2388 1278 2428 frequenter
1302 2387 1421 2426 aspiret
1444 2385 1598 2425 nobisque
1623 2384 1717 2415 velud
1739 2384 1861 2415 Roma-

213 2449 324 2470 norum
349 2440 415 2480 regi
441 2442 473 2470 et
496 2449 571 2470 vero
597 2439 725 2470 domino
755 2450 810 2469 suc
835 2439 1004 2470 manifeste
1030 2439 1205 2479 prestiterit
1229 2437 1434 2469 obediencie.
1460 2436 1635 2467 fidelitatis.
1661 2436 1801 2476 homagii
1825 2446 1862 2466 ac

214 2490 416 2522 subiectionis
440 2491 548 2522 debite
572 2492 796 2525 iuramentum,
820 2501 876 2520 nos
893 2491 991 2531 igitur
1014 2501 1091 2531 pure
1116 2490 1191 2520 fidei
1215 2489 1429 2520 constanciam
1455 2492 1487 2517 et
1510 2487 1653 2528 preclare
1679 2486 1863 2517 devocionis

213 2542 362 2582 insignia,
387 2542 548 2572 fructuosa
580 2552 707 2582 quoque
733 2541 900 2582 obsequia,
926 2541 1040 2582 quibus
1065 2541 1163 2571 oculis
1188 2548 1294 2571 nostre
1318 2539 1495 2569 maiestatis
1520 2541 1668 2578 prompta
1692 2537 1861 2568 sedulitate

212 2593 405 2633 complacuit
429 2597 461 2624 et
484 2604 517 2624 se
542 2594 660 2633 poterit
688 2593 872 2623 continuato
903 2593 1067 2623 fidelitatis
1098 2592 1201 2623 studio
1227 2591 1362 2621 reddere
1388 2590 1535 2620 continuo
1561 2589 1750 2630 graciorem,
1776 2589 1860 2618 clarc

211 2647 317 2675 nostre
342 2645 457 2675 mentis
480 2645 595 2674 intuitu
618 2644 779 2684 limpidius
804 2645 963 2674 intuentes
988 2644 1046 2674 sibi
1072 2647 1103 2674 et
1127 2644 1209 2673 veris
1234 2641 1406 2672 heredibus
1430 2641 1493 2670 suis
1520 2640 1669 2670 ducatum
1691 2639 1859 2678 Stetynen—

314 2737 380 2764 606.
410 2739 431 2768 c)
451 2739 517 2763 deest
537 2739 569 2763 N,
660 2737 683 2768 K³)
702 2743 727 2762 et
746 2738 806 2762 add.
827 2738 853 2762 T.
943 2741 964 2763 e)
985 2744 1008 2763 et
1027 2739 1142 2763 teoloniis
1162 2737 1194 2762 N.
1283 2736 1301 2757 f.
1323 2736 1472 2760 investimus
1494 2734 1525 2758 λ’.
1618 2738 1640 2755 ἴτ’»
1660 2734 1745 2757 debita
1764 2732 1796 2756 N.

315 2797 350 2814 ιι.
364 2797 582 2814 coxsnwnosss
596 2796 653 2813 vm.
1622 2783 1653 2808 73
