2189 2984
323 154 383 183 115
800 147 895 173 ACTA
915 146 1028 173 REGNI
1048 145 1185 173 KAROLI
1204 146 1250 173 IV.
1289 145 1363 172 1346.
1399 145 1447 171 Nr.
1461 145 1502 171 91.

322 240 483 266 immediate
508 237 668 272 spectantia
693 246 743 264 nec
769 237 844 268 iura,
873 236 1014 270 persona[s
1038 237 1080 263 vel
1110 236 1162 270 res]
1190 236 1300 269 aliquas
1328 235 1357 261 in
1384 235 1500 266 eisdem,
1530 242 1582 260 nec
1609 233 1751 267 aliquibus
1778 233 1976 260 invadentibus

321 301 369 318 seu
393 291 596 325 occupantibus
616 290 658 315 vel
683 288 893 322 quomodolibet
916 288 1115 322 usurpantibus
1139 296 1186 314 seu
1212 287 1356 317 invadere,
1381 294 1519 319 occupare
1539 285 1583 311 vel
1608 284 1816 318 quomodolibet
1841 294 1975 319 usurpare

321 342 559 376 attemptantibus
578 350 625 368 seu
646 340 804 366 volentibus
823 339 951 373 predicta
978 347 1064 373 regna
1082 338 1189 369 Sicilie,
1215 337 1343 364 Sardinie
1362 337 1406 364 vel
1426 336 1535 363 Corsice
1554 345 1601 363 seu
1620 336 1738 362 Romam
1756 344 1789 362 ac
1808 336 1976 370 provincias,

321 395 447 420 ducatus
474 393 632 423 comitatus.
651 391 814 421 Ferrariam,
841 390 990 424 c[ivitates,
1015 389 1138 424 o]ppida.
1164 391 1263 419 castra,
1290 390 1378 414 terras
1397 388 1469 414 alias
1488 397 1535 414 seu
1555 387 1697 414 territoria
1716 387 1759 414 vel
1778 388 1841 414 loca
1860 388 1977 414 ecclesie

321 445 444 471 Romane
463 453 510 470 seu
530 443 565 469 ad
585 443 674 476 ipsam
694 441 842 469 ecclesiam
861 441 982 468 mediate
1003 442 1046 468 vel
1066 441 1229 467 immediate
1248 439 1416 473 spectantia,
1440 439 1499 465 sive
1518 439 1575 465 sint
1593 439 1668 465 intra
1688 439 1801 465 Italiam
1820 439 1879 465 sive
1898 441 1978 466 extra

322 495 443 525 ltaliam,
463 504 510 521 seu
523 495 620 528 aliqua
634 494 822 528 predictorum
836 501 891 519 non
906 493 1009 518 iuvabo
1028 500 1079 518 nec
1099 492 1138 518 eis
1152 491 1302 521 adhaerebo,
1322 499 1373 517 nec
1387 490 1457 524 ipsis
1471 489 1556 516 etiam
1570 490 1642 516 dabo
1657 490 1819 523 aliqualiter
1833 490 1979 522 auxilium,

322 546 466 573 consilium
493 545 536 572 vel
557 546 701 578 [favorem,
723 545 802 578 qu]in
827 553 891 578 ymo
910 552 1098 577 quoscumque
1123 543 1300 575 invadentes,
1324 544 1494 576 occupantes
1513 551 1560 568 seu
1580 542 1791 575 quomodolibet
1811 545 1978 576 usurpantes

322 607 369 623 seu
390 597 529 624 invadere.
549 604 684 629 occupare
707 595 749 621 vel
769 604 902 629 usurpare
921 595 1046 621 volentes
1067 595 1110 621 vel
1130 596 1335 627 attemptantes
1355 593 1431 619 dicta
1450 602 1536 627 regna
1555 593 1659 623 Sicilie,
1680 593 1806 620 Sardinie
1827 597 1855 620 et
1869 593 1978 620 Coi-sice

322 652 351 675 et
373 649 469 675 urbem
490 649 640 674 Romanam
662 656 693 673 ac
713 647 841 678 ducatus,
862 647 1024 677 comitatus,
1045 645 1215 679 provinciaS,
1244 642 1436 678 Ferrariam,
1462 645 1601 677 civitatee,
1626 648 1719 673 castra
1742 646 1782 678 [et
1805 646 1904 679 terras]
1930 656 1978 674 seu

323 700 421 733 quevis
440 700 497 725 alia
520 700 581 725 loca
602 699 724 724 Romane
743 699 859 725 ecclesie
879 699 921 725 vel
942 698 1038 731 aliqua
1062 706 1094 724 ex
1114 697 1218 723 eisdem
1237 697 1378 723 retraham
1398 698 1426 723 et
1445 696 1596 730 impediam
1618 705 1697 730 posse
1716 705 1789 727 meo,
1814 697 1916 724 eisdem
1935 706 1978 724 me

323 761 384 777 cum
405 751 488 777 armis
508 750 672 784 opponendo
692 752 731 781 et,
755 758 789 776 ne
814 751 930 776 conatus
949 749 1050 775 talium
1070 749 1199 775 effectum
1218 748 1335 779 habeat,
1362 757 1423 774 cum
1446 750 1508 774 tota
1532 748 1663 782 potencia
1686 757 1748 775 mea
1766 749 1922 775 resistendo
1947 757 1979 775 ac

324 803 402 829 vobis
421 805 449 829 et
469 802 584 829 ecclesie
603 802 726 828 Romane
745 810 795 835 pro
816 801 972 828 defensione
987 809 1140 834 regnorum,
1160 799 1376 834 provin[ciarum
1396 800 1425 825 et
1444 800 1590 832 ter]rarum
1610 801 1639 826 et
1653 799 1775 826 locorum
1790 799 1979 833 predictorum

323 857 420 881 contra
439 862 626 887 quoscumque
645 854 834 886 occupatores,
855 853 996 878 invasores
1015 855 1043 878 et
1062 853 1240 885 usurpatores
1259 860 1306 877 seu
1325 859 1470 884 occupare,
1490 851 1622 877 invadere
1641 859 1688 877 seu
1709 859 1842 885 usurpare
1861 853 1980 885 attemp-

323 907 416 931 tantes
435 905 554 931 fideliter
573 904 735 934 assistendo,
755 912 805 930 nec
825 903 897 930 dabo
917 912 966 929 nec
981 903 1130 929 concedam
1149 902 1206 928 ullo
1226 910 1348 934 unquam
1368 904 1493 935 tempore
1513 901 1542 927 in
1564 904 1731 935 perpetuum
1751 902 1794 928 vel
1816 903 1851 928 ad
1871 904 1981 936 tempus

323 957 431 990 aliquid
451 957 484 982 de
503 955 638 990 predictis
657 955 708 981 sub
727 956 828 985 colore,
847 955 1006 981 conditione
1032 955 1074 980 vel
1095 954 1180 980 titulo
1200 953 1429 986 quibuscumque,
1501 953 1630 987 quodque
1650 954 1804 987 predictam
1827 954 1980 981 Romanam

323 1008 470 1035 ecclesiam
493 1009 543 1034 aut
562 1007 667 1033 dictum
688 1007 828 1033 dominum
847 1008 970 1032 nostrum
991 1014 1095 1039 papam
1115 1014 1161 1032 sen
1182 999 1352 1031 successores
1372 1013 1435 1031 suos
1456 1005 1500 1031 vel
1521 1025 1546 1031 ..
1567 1005 1712 1037 officiales,
1733 1026 1758 1032 ..
1779 1005 1931 1038 ministros,
1953 1027 1958 1032 .
1975 1026 1981 1032 .

325 1060 459 1086 vassallos
478 1062 507 1086 et
524 1059 669 1092 subfflitos]
690 1067 752 1084 suos
772 1067 824 1083 non
839 1058 1004 1090 inquietabo
1024 1057 1067 1083 vel
1082 1057 1293 1090 quomodolibet
1306 1057 1461 1083 molestabo
1481 1057 1509 1082 in
1530 1057 1612 1083 dictis
1626 1056 1718 1091 regnis
1731 1056 1834 1088 Sicilie,
1854 1057 1981 1085 Sardinie

325 1112 373 1146 [et]
393 1111 500 1138 Corsice
523 1120 572 1136 nec
592 1110 620 1136 in
640 1110 706 1136 urbe
728 1110 865 1141 Romana,
886 1109 977 1141 terris,
998 1109 1161 1142 provinciis,
1183 1108 1368 1142 [duca]tibus,
1393 1107 1588 1138 comitatibus,
1612 1105 1776 1143 Ferraria,
1808 1109 1981 1143 civitatibus,

325 1163 438 1193 castris,
463 1162 575 1196 oppidis
599 1164 626 1188 et
650 1161 713 1186 aliis
736 1161 817 1187 terris
841 1163 869 1187 et
893 1160 1042 1187 territoriis
1067 1159 1236 1194 supradictis
1258 1168 1305 1185 seu
1331 1159 1426 1192 aliquo
1446 1159 1645 1193 predictorum,
1670 1160 1718 1186 sed
1742 1169 1792 1186 nec
1817 1163 1895 1187 extra
1921 1161 1982 1188 loca

325 1214 474 1248 [predicta]
493 1213 599 1239 ratione
620 1212 809 1245 quorumlibet
828 1212 993 1238 delictorum
1014 1212 1057 1238 vel
1077 1220 1236 1238 excessuum
1257 1211 1284 1237 in
1305 1210 1373 1237 locis
1393 1210 1496 1237 eisdem
1516 1211 1721 1237 commissorum
1742 1212 1784 1238 vel
1806 1212 1979 1238 committeu-

325 1266 421 1292 dorum
441 1265 562 1298 aliquem
583 1264 625 1290 vel
646 1263 755 1296 aliquos
774 1263 889 1297 puniam
914 1263 957 1289 vel
977 1263 1047 1288 alias
1068 1271 1229 1296 prosequar,
1254 1262 1319 1295 ni[si
1338 1262 1401 1295 hoc]
1426 1262 1461 1288 ad
1482 1262 1544 1295 [me]
1570 1262 1602 1288 de
1622 1262 1680 1288 iure
1700 1262 1853 1296 pertineret
1873 1272 1905 1290 ex
1925 1263 1982 1290 alia

325 1317 442 1347 ratione,
462 1326 544 1350 quam
565 1315 706 1345 territorii,
727 1324 787 1341 cum
807 1315 940 1341 territorii
960 1315 1069 1341 ratione
1089 1315 1140 1341 hoc
1160 1314 1195 1340 ad
1214 1322 1307 1347 regem
1328 1313 1371 1339 vel
1392 1313 1589 1346 imperatorem
1609 1314 1771 1345 Romanum,
1791 1317 1927 1348 quantum
1947 1315 1982 1341 ad

326 1369 389 1395 loca
402 1368 537 1402 predicta,
556 1367 634 1393 nullo
648 1367 728 1393 modo
743 1367 837 1392 valeat
852 1367 1000 1400 pertinere.
1032 1366 1067 1392 Et
1086 1367 1137 1392 hoc
1157 1375 1222 1392 casu
1236 1365 1373 1399 promicto
1393 1367 1422 1391 et
1442 1365 1508 1397 iuro,
1529 1366 1603 1398 quod
1619 1366 1708 1399 [tales]
1730 1368 1826 1393 contra
1840 1366 1982 1393 iusticiam

327 1429 380 1446 non
404 1420 528 1453 gravabo
553 1428 602 1445 nec
623 1419 662 1445 eis
685 1419 711 1444 in
737 1428 800 1444 casu
821 1419 907 1445 etiam
926 1419 1022 1451 aliquo
1046 1427 1124 1452 reges
1143 1418 1332 1451 predictorum
1355 1425 1502 1451 regnorum
1528 1419 1576 1443 aut
1602 1417 1774 1451 [ministros],
1800 1418 1935 1444 vassallos
1954 1421 1983 1446 et

327 1472 452 1498 subditos
470 1471 616 1497 eorundem
637 1470 665 1495 in
685 1470 776 1504 regnis
790 1470 923 1503 predictis
943 1479 989 1496 seu
1010 1479 1059 1503 pro
1079 1470 1118 1496 eis
1139 1470 1180 1496 vel
1201 1469 1329 1502 qualibet
1348 1478 1440 1496 eorum
1461 1471 1541 1503 parte
1557 1469 1735 1502 aliquatenus
1749 1470 1911 1502 molestabo,
1932 1478 1981 1496 nec

328 1523 442 1556 aliquod
463 1522 645 1556 d[ominiuu],]
670 1521 901 1554 iurisdictionem,
927 1522 1165 1556 superioritatem,
1190 1522 1365 1552 servitutem,
1390 1521 1585 1555 potestariam,
1611 1521 1821 1555 capitaneatum
1842 1521 1886 1548 vel
1906 1521 1984 1548 aliud

328 1575 461 1603 officium,
487 1582 660 1607 quocumque
680 1573 790 1599 nominc
810 1576 966 1603 censeatur,
993 1573 1131 1607 accipiam
1152 1573 1194 1599 vel
1216 1573 1369 1600 vendicabo
1388 1573 1431 1599 vel
1455 1573 1513 1607 [per
1532 1573 1585 1606 me]
1605 1573 1648 1599 vel
1670 1574 1729 1606 [per
1748 1572 1830 1606 ali]os
1851 1574 1983 1600 exercebo

328 1626 356 1652 in
376 1625 509 1660 predictis
530 1625 624 1653 Roma,
644 1625 744 1658 regnis,
764 1624 923 1658 provinciis,
944 1624 1102 1651 ducatibus.
1123 1624 1312 1655 comitatibus,
1336 1621 1495 1660 Ferraria,
1526 1625 1698 1657 civitatibus,
1727 1625 1848 1659 oppidis,
1874 1626 1982 1659 castris,

329 1677 434 1711 vpllis]
455 1676 534 1703 terris
560 1678 588 1703 et
608 1675 755 1702 territoriis
775 1676 944 1709 supradictis
964 1676 1006 1702 vel
1028 1675 1055 1701 in
1076 1675 1171 1708 aliquo
1195 1676 1228 1701 de
1247 1675 1364 1707 eisdem,
1393 1684 1442 1701 nec
1462 1675 1547 1702 etiam
1566 1676 1744 1708 fidelitatem,
1765 1676 1983 1710 recognitionem

333 1729 376 1755 vel
397 1728 608 1754 advocationem
628 1727 750 1760 aliquam
776 1727 873 1760 quovis
897 1728 977 1753 modo
1002 1727 1134 1761 recipiam
1164 1737 1212 1761 per
1235 1736 1277 1754 me
1298 1728 1339 1754 vel
1362 1727 1457 1760 [alium
1477 1737 1524 1753 seu
1543 1727 1623 1760 alios]
1650 1736 1700 1761 pro
1729 1728 1792 1761 [me]
1819 1737 1866 1754 seu
1887 1728 1982 1761 Roma,

328 1781 428 1815 regnis,
454 1779 612 1814 provinciis.
638 1779 794 1807 ducatibus
820 1779 1008 1806 comitatilms.
1033 1776 1191 1815 Ferraria,
1217 1781 1390 1812 civitatibus
1415 1780 1534 1814 oppidiS,
1560 1780 1666 1811 castris,
1692 1780 1759 1806 locis
1784 1782 1812 1807 et
1835 1781 1918 1807 terris
1944 1781 1983 1812 [et

329 1831 488 1865 terri]toriis
507 1831 674 1864 supradictis
696 1831 737 1856 vel
765 1839 813 1864 pro
833 1831 928 1863 aliquo
948 1831 1108 1858 eorundem.
1138 1839 1186 1857 nec
1207 1831 1291 1856 etiam
1311 1840 1360 1864 pro
1381 1831 1554 1863 quibuslibet
1578 1831 1660 1857 rebus
1684 1831 1727 1857 vel
1747 1831 1854 1857 iuribus
1878 1831 1905 1856 in
1925 1840 1983 1865 pre-

302 1912 308 1919 ,
329 1885 421 1911 missis
451 1885 551 1915 Roma,
583 1883 688 1916 regnis.
720 1883 884 1916 1rovinciis,
914 1883 1076 1913 ducatibus,
1102 1883 1296 1914 comitatibus,
1321 1877 1509 1920 1[e11aria],
1534 1883 1706 1915 civitatibus
1731 1883 1850 1917 oppidis,
1876 1884 1984 1913 castris,

329 1936 405 1963 locis,
426 1935 506 1961 terris
525 1936 551 1960 et
573 1933 721 1960 territoriis
734 1934 912 1967 supradictis.
935 1934 976 1959 vel
1045 1943 1138 1959 corum
1158 1943 1205 1959 seu
1225 1934 1367 1966 aliquibus
1382 1933 1564 1967 pertinenciis
1579 1933 1746 1963 constitutis,
1767 1934 1853 1960 etiam
1873 1933 1895 1959 si
1916 1933 1985 1959 mihi

329 1996 345 2013 a
364 1986 537 2019 quibuslibet
557 1985 803 2011 communitatibus
827 1985 869 2010 vel
891 1985 1014 2018 personis
1034 1985 1221 2019 singularibus
1246 1986 1422 2013 offerrentur:
1447 1994 1496 2012 nec
1517 1985 1559 2011 ius
1579 1985 1664 2011 etiam
1684 1985 1760 2011 aliud
1781 1986 1984 2019 qualecumque

330 2038 496 2068 vendicata),
525 2037 668 2069 acquiram
698 2037 740 2062 vel
764 2037 918 2070 occupabo,
947 2046 993 2062 seu
1020 2037 1230 2069 qumnodolibet
1256 2046 1305 2070 per
1328 2046 1371 2063 nie
1397 2037 1439 2063 vel
1465 2038 1533 2070 [per]
1559 2037 1645 2062 alium
1671 2045 1717 2062 seu
1741 2036 1810 2062 alios
1836 2037 1983 2070 usurpabQ

330 2089 463 2122 recipiam
484 2088 525 2113 vel
547 2088 688 2116 exercebo,
708 2096 757 2114 nec
777 2088 926 2113 concedam
946 2087 1030 2113 etiam
1051 2088 1137 2121 recipi
1160 2088 1202 2114 vel
1223 2089 1319 2115 haberi
1340 2089 1368 2114 in
1388 2088 1483 2114 Roma.
1509 2088 1610 2121 regnis,
1631 2088 1803 2120 Venaycino,
1825 2088 1983 2121 provinciis,

329 2141 486 2171 ducatibus,
511 2141 701 2171 comitatibus
718 2135 877 2170 Ferraria
903 2140 1074 2169 civitatibus,
1100 2141 1218 2174 oppidis,
1244 2141 1352 2172 castris,
1376 2141 1453 2169 locis.
1479 2141 1561 2166 terris
1586 2142 1614 2166 ct
1638 2140 1789 2166 territoriis
1814 2141 1984 2174 supradictis

330 2192 373 2218 vel
394 2191 420 2217 in
435 2191 529 2224 aliquo
544 2191 576 2216 de
590 2190 701 2221 eisdem,
721 2193 749 2217 et
763 2189 935 2224 sp[ecialite1
954 2190 979 2215 in
995 2190 1154 2223 provinciis,
1175 2191 1347 2221 civitatibus,
1367 2191 1458 2224 terris]
1475 2193 1503 2217 et
1516 2191 1584 2216 locis
1598 2191 1754 2223 [expressis]
1776 2191 1803 2216 in
1817 2191 1983 2224 quibusdam

331 2243 433 2269 litteris
452 2242 520 2268 dicti
541 2242 644 2267 domini
664 2242 803 2274 quondam
823 2241 936 2268 Henrici
956 2242 1140 2275 imperatori-s,
1160 2251 1276 2275 quarum
1296 2244 1375 2268 tenor
1394 2242 1508 2268 iuferius
1528 2243 1569 2268 est
1588 2242 1715 2267 insertus.

435 2293 494 2324 (IV)
514 2293 555 2318 Ad
576 2293 736 2319 evitandum
763 2301 872 2326 quoque
892 2293 1063 2319 occasionem
1089 2293 1217 2319 veniendi
1238 2296 1333 2320 contra
1354 2294 1482 2327 predicta
1509 2293 1551 2319 vel
1576 2293 1688 2326 aliquod
1718 2293 1905 2327 predictorum
1925 2301 1983 2326 pro-

331 2344 417 2369 micto
446 2347 476 2370 ut
501 2354 596 2377 supra,
621 2345 694 2377 quod
718 2346 783 2370 ante
809 2344 882 2371 diem
904 2345 971 2370 milii
997 2354 1046 2378 pro
1067 2345 1244 2372 coronatione
1269 2354 1330 2371 mea
1351 2345 1500 2378 [imperiali
1521 2345 1720 2378 prefigen]dam
1747 2345 1812 2378 [non
1832 2344 1984 2378 ingrediar]

333 2396 426 2422 urbem
447 2396 611 2422 Romanam.
638 2396 766 2429 quodque
786 2396 881 2421 eadem
902 2395 959 2426 die,
985 2405 1047 2422 vero
1077 2398 1105 2422 et
1124 2396 1252 2430 legitimo
1273 2396 1472 2429 impedimento
1492 2398 1631 2422 cessante.
1656 2396 1830 2429 imperialem
1850 2396 1985 2429 recipiam

333 2456 461 2473 coronam
482 2448 510 2472 et
529 2447 613 2479 quod,
636 2448 693 2473 sive
719 2447 769 2472 illa
793 2447 838 2473 die
862 2447 920 2473 sive
941 2456 1003 2473 vore
1024 2450 1051 2473 et
1072 2448 1211 2481 legittime
1231 2447 1403 2481 ini[peditus]
1429 2448 1472 2474 die
1493 2447 1550 2473 alia
1569 2447 1675 2474 dictam
1694 2447 1828 2480 recipiam
1849 2456 1984 2478 coronam,

334 2499 394 2531 ipsa
414 2498 470 2524 dic.
491 2507 545 2530 qua
565 2499 703 2530 (pponam
724 2498 882 2524 huiusmodi
901 2499 1053 2532 rjecepei-o,
1074 2499 1187 2531 [dictam
1208 2499 1314 2532 urbem]
1335 2508 1398 2525 vero
1418 2501 1446 2525 et
1459 2499 1599 2532 legittimo
1620 2499 1838 2532 [impedimento]
1860 2500 1985 2525 cessante

333 2549 434 2582 [exibo]
456 2558 516 2574 cum
536 2551 597 2574 tota
616 2549 714 2577 etiam,
741 2552 877 2582 quantum
902 2550 929 2575 in
950 2559 992 2576 me
1012 2551 1107 2578 suerit.
1133 2553 1218 2584 gente
1242 2560 1304 2577 mea
1330 2553 1358 2577 et
1383 2552 1508 2577 cessante
1533 2551 1617 2576 etiam
1637 2550 1836 2583 impedimento
1856 2549 1985 2583 legitimo

335 2600 515 2633 [continuatis
534 2600 683 2626 moderatis
703 2601 785 2627 dietis
809 2604 887 2627 extra
911 2604 999 2627 totam
1024 2604 1124 2628 terram
1145 2602 1268 2628 Romane
1288 2603 1414 2635 eclclesie
1434 2611 1477 2628 me
1496 2605 1571 2629 recto
1591 2611 1684 2635 gressu
1705 2602 1869 2628 transferam
1890 2610 1985 2627 versus

335 2654 422 2677 terras
442 2651 559 2684 imperio
578 2652 725 2680 subiectas,
747 2654 906 2686 [numquam
926 2654 1111 2687 postmlodum
1133 2654 1177 2686 [ad
1196 2654 1300 2684 urbem,
1320 2655 1414 2688 regna]
1436 2654 1563 2687 predicta
1577 2654 1701 2687 S[icilie],
1721 2652 1847 2679 Sardinie
1871 2653 1910 2686 [et
1924 2652 1986 2678 Cor-

335 2703 404 2730 sice.
429 2702 598 2736 provincias.
623 2703 753 2730 vivit-ates
775 2704 817 2729 vol
838 2704 908 2730 alias
929 2706 1015 2730 terras
1036 2705 1157 2730 Romane
1177 2704 1307 2737 ecclesie,
1327 2705 1381 2730 nisi
1401 2705 1432 2731 dc
1453 2705 1570 2739 speciali
1590 2704 1709 2731 licencia
1728 2704 1800 2730 sedis
1820 2704 1985 2737 apostolice,

336 2762 503 2779 accessurus.
541 2753 602 2779 Iuro
622 2763 730 2786 quoque
751 2764 832 2788 super
852 2758 948 2782 sancta
964 2756 1011 2781 lwi
1031 2755 1179 2789 euangelia
1199 2765 1248 2789 per
1267 2765 1310 2783 me
1331 2757 1512 2790 corporaliter
1530 2765 1613 2782 manu
1633 2758 1718 2787 tacta,
1738 2756 1810 2788 quod
1831 2764 1913 2789 super
1932 2755 1986 2780 hiis

1999 707 2024 725 10

2000 963 2024 982 15

1999 1220 2025 1239 20

2001 1478 2025 1497 25

2003 1736 2028 1755 31)

2004 1995 2028 2013 35

2003 2252 2029 2269 40

2004 2507 2029 2525 45

2006 2765 2016 2781 f
2019 2765 2031 2782 )
