2189 2984
616 119 709 146 ACTA
729 118 841 145 REGNI
861 118 993 144 KARom
1014 117 1059 144 iv.
1098 118 1171 143 1348.
1210 118 1256 144 ΝΥ.
1272 119 1329 144 695.
1348 119 1406 145 6507.
1425 119 1482 145 oss.
1814 125 1873 154 707

225 207 401 246 procuratis
420 210 451 236 et
468 206 552 246 quod
571 217 611 237 ex
628 205 787 236 discordia
802 208 907 236 vestra
921 203 1092 235 commoda
1107 204 1241 234 ecclesie
1254 204 1458 245 negliguntur
1470 206 1611 237 eiusdem
1630 208 1722 248 eique
1737 207 1876 249 dampna

224 257 415 297 proveniunt
437 258 568 288 infinita.
615 257 697 292 Quia
721 267 796 287 vero
821 256 895 295 hec,
919 256 944 286 si
969 266 1045 286 vera
1069 258 1152 294 sunt,
1176 255 1259 285 ferre
1284 256 1495 296 equanimiter
1518 268 1579 287 non
1604 269 1779 299 possemus,
1804 270 1875 291 cum

225 311 312 338 tanto
342 308 404 338 siut
431 308 522 339 nobis
546 308 673 339 duriora
697 307 840 348 episcopi
863 307 980 348 prefati
1003 307 1205 347 gravamina,
1237 310 1354 347 quanto
1384 318 1455 337 eum
1484 309 1629 348 ampliori
1655 311 1877 351 prosequimur

225 360 368 398 caritate,
383 359 608 390 discretionem
621 362 759 390 vestram
774 369 950 397 monemus,
968 358 1158 399 requirimus
1169 361 1201 388 et
1216 357 1380 388 hortamur
1392 362 1512 390 attente
1526 360 1747 392 nichilominus
1760 361 1876 403 depre-

192 426 202 443 5
224 414 342 447 cantes,
368 414 524 451 quatenus
541 411 674 451 provide
692 410 906 443 attendentes.
933 409 1018 451 quod
1042 420 1098 440 vos
1116 409 1220 440 eidem
1239 409 1389 450 episeopo
1407 410 1519 441 adesse
1536 413 1700 452 oportunis
1717 413 1876 444 favoribus

182 682 204 700 10

182 1078 204 1096 15

182 1595 205 1614 ‘25

183 2110 205 2129 35

182 2501 207 2519 40

224 466 333 493 contra
349 472 610 503 quorumcunque
628 462 793 493 molestias
810 461 983 497 deberetis
1008 462 1052 492 sic
1069 461 1110 491 ab
1128 461 1309 491 huiusmodi
1331 465 1362 491 et
1379 461 1540 501 quibusvis
1557 463 1625 493 aliis
1642 465 1879 503 gravaminibus

224 518 256 544 et
280 513 501 544 vexationibus
528 515 594 543 eius
619 514 779 544 abstinere
809 513 849 544 de
874 517 982 544 cetero
1008 513 1176 545 studeatis.
1211 511 1297 552 quod
1325 523 1386 543 non
1412 516 1557 553 oporteat
1585 525 1681 554 super
1707 515 1766 545 hiis
1791 516 1876 546 aliud

224 564 412 598 remedium.
437 565 522 605 quod
547 568 681 606 urgente
706 566 827 596 iustitia
851 570 883 596 et
907 565 975 595 zelo
1001 563 1148 605 specialis
1170 563 1357 601 dilectionis,
1383 574 1444 604 quo
1469 564 1509 594 ad
1534 566 1717 606 episcopum
1742 567 1877 598 eundem

224 616 389 655 afficimur,
414 616 600 657 impellente
627 617 753 647 differre
778 628 840 647 non
865 627 1041 657 possemus,
1067 616 1198 646 ulterius
1222 614 1386 646 adhibere.

333 668 452 698 Datum
476 668 634 699 Avinione
652 668 741 698 XVI.
767 668 817 698 Kl.
845 668 992 708 Augusti.
1018 678 1099 697 anno
1124 668 1271 708 septimo.

451 809 535 844 697.
579 809 733 843 Litterae
762 810 808 842 ml
836 809 1077 843 [falam-imam
1106 809 1408 853 arcle‘'cpissopunz.
1438 828 1486 831 —
1515 809 1582 843 Iul.
1604 812 1660 844 17.

334 882 454 913 Ibidem
476 884 499 920 s.
520 884 561 912 3&
585 892 632 913 nr.
652 883 692 912 17
738 883 801 922 (R).
827 901 865 904 —
890 883 1060 913 Incdilum.

337 959 521 990 Venerabili
547 960 635 991 fratri
660 960 847 990 Baldewino
873 959 1118 1000 archiepiscopo
1143 960 1342 990 Treverensi.

332 1011 419 1042 Sicut
443 1012 605 1053 fidedigna
623 1012 820 1054 quorundam
842 1013 997 1043 relatione
1015 1013 1240 1053 comperimus.
1266 1011 1373 1042 dilecti
1397 1011 1450 1042 filii
1476 1011 1599 1042 nobiles
1624 1012 1679 1041 viri
1698 1012 1880 1043 wan-amus

225 1062 264 1093 de
282 1063 527 1094 Lucembourch
546 1064 692 1095 dominus
717 1064 756 1094 de
778 1065 899 1104 bincyo
925 1067 957 1093 et
974 1063 1133 1093 Iohannes
1151 1063 1190 1094 de
1208 1063 1473 1094 Luchembourch
1492 1064 1681 1094 castellanus
1699 1064 1879 1098 Ins-niensis.

223 1114 340 1144 milites
358 1115 516 1146 'l'ullensis
541 1120 572 1146 et
589 1116 800 1146 'fornacensis
824 1115 1038 1153 diomesium).
1063 1115 1300 1156 protendentes.
1326 1115 1410 1156 quod
1435 1115 1627 1145 venerabilis
1652 1117 1749 1145 frater
1773 1120 1880 1146 noster

223 1165 328 1196 Guido
354 1167 523 1208 episcopus
547 1168 789 1198 (s‘amcrawensis
820 1167 983 1198 fidelitatis
1008 1168 1235 1198 iuramentum.
1267 1166 1306 1197 ad
1336 1167 1420 1207 quod
1446 1178 1502 1207 pro
1528 1166 1617 1196 bonis
1642 1167 1879 1207 tempta-alibns.

223 1228 284 1257 que
316 1217 355 1247 ab
384 1218 518 1259 imperio
544 1218 690 1249 Romano
721 1222 808 1249 tenet
838 1219 868 1248 in
899 1218 1042 1249 feodum.
1076 1216 1253 1259 [tomeun-Ta
1290 1219 1452 1248 carissimo
1482 1219 1511 1248 in
1537 1219 1662 1249 Christo
1688 1219 1749 1249 lilio
1775 1222 1880 1250 nostro

223 1268 344 1299 Karolo
362 1270 428 1310 regi
448 1270 666 1301 Romanorum
684 1270 796 1301 illustri
816 1270 955 1300 nondum
974 1271 1187 1311 prostiteratb.
1213 1270 1297 1300 hona
1316 1271 1384 1310 ipsa
1406 1270 1446 1300 ad
1464 1281 1591 1300 manum
1610 1271 1692 1311 regis
1710 1274 1882 1311 posuerunt

181 1335 201 1352 2⁷
224 1320 322 1360 ipsius
347 1326 496 1361 pretextu
523 1322 686 1352 cuiusdam
704 1322 936 1352 commissionis
960 1333 1017 1362 per
1042 1321 1182 1352 eundem
1207 1332 1318 1362 regem
1344 1326 1375 1352 et
1399 1322 1541 1352 mandati
1566 1332 1622 1362 per
1647 1327 1676 1352 te
1695 1323 1880 1352 litteratorie

224 1372 300 1412 ipsis
326 1373 492 1407 sactorum.
519 1373 668 1414 idemque
688 1373 871 1404 Walramus
896 1374 1054 1413 prefatum
1081 1374 1265 1414 episcopum
1291 1374 1330 1404 de
1356 1373 1502 1404 domibus
1520 1375 1654 1414 propriis
1672 1375 1882 1404 irreverenter

225 1425 327 1454 eiecit.
376 1424 423 1455 De
449 1436 511 1465 quo
537 1428 623 1455 tanto
642 1425 794 1455 miramur
819 1426 928 1466 pocius
952 1436 1009 1455 nec
1036 1425 1105 1455 sine
1130 1436 1224 1455 causa
1243 1424 1417 1459 turbamur.
1443 1429 1570 1465 quanto,
1596 1426 1675 1455 sicut
1691 1427 1881 1466 afflepimus,

224 1475 309 1505 idem
328 1476 497 1516 episcopus
522 1476 562 1506 ad
580 1477 784 1517 prestandum
804 1477 1014 1507 iuramentum
1035 1477 1214 1507 huiusmodi
1239 1487 1272 1507 se
1290 1477 1415 1517 prefato
1441 1478 1508 1517 regi
1533 1488 1590 1517 per
1606 1477 1727 1507 litteras
1751 1488 1822 1507 suas
1847 1481 1879 1507 et

224 1527 322 1567 ipsius
339 1528 422 1566 regis
440 1529 588 1558 nuncium
607 1529 721 1559 obtulit
738 1532 770 1559 et
787 1540 882 1569 super
902 1529 960 1558 hoc
978 1540 1149 1569 numquam
1168 1529 1225 1559 fuit
1243 1528 1385 1568 legitime
1405 1529 1583 1569 requisitus,
1603 1529 1675 1559 lieet
1692 1528 1731 1559 de
1749 1530 1879 1569 antiqua

226 1579 454 1610 consuetudine
480 1580 510 1610 in
534 1579 595 1609 illis
620 1580 762 1620 partibus
787 1580 956 1611 observata
982 1581 1205 1611 consueverint
1229 1581 1350 1621 antiqui
1374 1580 1559 1611 fco‹leta1·ii*'
1584 1580 1659 1621 lin}¹¹
1685 1581 1877 1621 prestatione

226 1630 365 1671 homagii
391 1631 576 1662 solemniter
600 1643 617 1662 a
641 1643 723 1662 novo
748 1633 941 1672 imperatore
967 1643 1022 1663 seu
1048 1642 1123 1673 rege
1144 1632 1359 1663 Romanorum
1384 1632 1512 1672 requiri.
1537 1642 1573 1661 ac
1599 1632 1680 1661 idem
1700 1633 1877 1672 episcopus

225 1683 326 1713 eciam
355 1683 380 1712 si
410 1684 580 1723 requisitus
608 1683 733 1719 fuisset.
766 1692 897 1724 propter
928 1695 1077 1724 guerram
1108 1684 1167 1714 sibi
1196 1685 1226 1714 in
1252 1684 1396 1725 partibus
1424 1684 1545 1714 notorie
1571 1684 1787 1714 imminentem
1816 1694 1877 1713 non

225 1735 381 1774 potuisset
403 1735 443 1764 ad
469 1735 544 1765 dicti
568 1736 652 1776 regis
676 1736 870 1776 presentiam
895 1747 928 1766 se
954 1736 1108 1766 conferre.
1156 1738 1361 1776 Quapropter
1382 1736 1613 1766 fraternitatem
1638 1738 1723 1765 tuam
1750 1738 1876 1765 actente

225 1797 385 1826 rogamus,
411 1790 566 1826 quatenus
591 1787 774 1827 aetendens,
800 1787 884 1828 quod
910 1799 950 1818 ex
975 1799 1012 1818 eo
1037 1788 1155 1818 factum
1180 1789 1240 1818 hoc
1265 1788 1475 1818 voluntarium
1494 1791 1666 1827 reputatur.
1692 1787 1775 1827 quod
1801 1787 1878 1817 nulli

182 1853 192 1869 3
226 1837 283 1866 nisi
309 1837 477 1868 dumtaxat
501 1838 606 1868 eidem
632 1839 784 1879 episcopo
814 1839 845 1868 in
870 1839 1011 1879 partibus
1037 1839 1097 1869 illis
1122 1840 1244 1870 novitas
1268 1839 1373 1880 aliqua
1400 1839 1564 1869 occasione
1590 1838 1769 1868 huiusmodi
1794 1839 1876 1869 iura-

226 1889 324 1919 menti
348 1889 433 1919 facta
459 1893 519 1921 est.
553 1890 633 1920 sicut
657 1891 770 1925 t'ertur,
804 1890 841 1920 de
874 1890 927 1920 tali
953 1901 1049 1930 super
1077 1891 1135 1921 hoc
1160 1891 1302 1921 remedio
1327 1903 1383 1932 pro
1409 1895 1515 1920 nostra
1539 1894 1571 1920 et
1594 1889 1768 1930 apostolice
1793 1890 1877 1921 sedis

225 1941 410 1971 reverencia
439 1941 570 1971 studeas
595 1942 772 1982 providere.
799 1952 855 1982 per
879 1941 963 1982 quod
988 1942 1077 1972 illata
1103 1943 1254 1983 episeopo
1280 1947 1455 1973 memorato
1480 1943 1665 1981 gravamina
1690 1945 1878 1972 revocentur

226 1995 258 2022 et
274 1991 393 2022 fructus
418 1992 456 2023 de
478 1993 570 2023 bonis
587 1993 708 2034 recepti
727 1993 877 2033 predictis
894 1994 1101 2024 restituantur
1125 1994 1240 2033 eidem,
1266 2005 1323 2025 nec
1341 1998 1487 2035 oporteat
1511 2004 1566 2023 nos
1590 1993 1682 2023 aliter
1699 1993 1875 2033 providere.

225 2042 308 2073 Nam
333 2054 373 2074 ex
398 2044 515 2074 affectu
539 2044 687 2085 specialis
712 2045 900 2076 dilectionis.
925 2055 988 2085 quo
1013 2045 1196 2085 specialiter
1220 2046 1403 2086 episcopum
1429 2045 1666 2086 prosequimure
1689 2045 1875 2078 antefatum.

226 2099 258 2125 et
282 2095 349 2126 zelo
375 2106 431 2126 nos
452 2096 577 2127 iusticie
596 2096 782 2137 impellente
800 2097 986 2137 gravamina
1011 2100 1043 2127 et
1059 2097 1222 2127 1n‹1›l‹j=stias
1246 2098 1344 2137 ipsius
1361 2097 1502 2137 episcopi
1527 2096 1609 2126 ferre
1626 2096 1757 2126 ulterius
1777 2106 1875 2136 equa-

226 2147 354 2178 nimiter
378 2158 439 2178 non
464 2158 642 2188 possemus.

333 2197 452 2228 Datum
478 2199 634 2229 Avinione
659 2199 748 2229 XVI.
774 2199 815 2229 Κ]
851 2199 997 2239 Augusti,
1022 2200 1226 2239 pontificatus
1250 2200 1348 2229 nostri
1373 2210 1453 2228 anno
1478 2199 1622 2239 septimo.

610 2338 695 2373 698.
738 2339 890 2373 Limrae
917 2340 963 2375 ad
992 2340 1251 2374 vontnce'SS(trios.
1283 2359 1329 2364 —
1358 2339 1498 2373 [11].17,

333 2411 453 2442 Ibidem
475 2412 499 2449 f.
516 2413 569 2441 38¹
593 2422 639 2442 nr.
660 2414 722 2442 172
745 2412 809 2451 (R).
834 2432 873 2435 —
898 2413 1068 2444 Ineditum.

334 2487 469 2519 Dilectis
487 2489 559 2519 filiis
576 2489 734 2520 nobilibus
751 2490 825 2520 viris
842 2490 1007 2520 WValramo
1034 2490 1073 2520 de
1091 2490 1332 2521 Lucembourch
1352 2490 1479 2520 domino
1497 2489 1535 2519 de
1552 2488 1673 2528 Lineyo
1693 2492 1724 2518 et
1740 2488 1874 2519 Iohanni

227 2539 265 2570 de
290 2539 535 2570 Lucembourch
559 2541 732 2571 castellano
757 2541 924 2579 Insulensi,
954 2541 1107 2572 militibus
1132 2541 1289 2572 Tullensis
1315 2548 1345 2571 et
1369 2541 1578 2570 'l'ornacensis
1603 2539 1813 2578 dioc(csium).
1843 2546 1874 2570 et

227 2591 358 2622 cuilibet
382 2602 503 2622 eorum.

330 2702 395 2728 697.
423 2703 446 2733 ὓ)
466 2704 501 2727 sic
526 2704 581 2736 fere
599 2704 769 2735 supplendum
791 2705 896 2728 videtur.
1003 2703 1026 2733 b)
1046 2713 1112 2728 corr.
1136 2712 1166 2727 ca·
1187 2705 1324 2736 prestiterit
1346 2704 1373 2727 It.
1481 2708 1502 2731 0.)
1522 2703 1556 2726 sic
1576 2702 1606 2726 R.
1712 2700 1733 2730 d)
1753 2702 1818 2725 dcco-t
1838 2701 1872 2729 [ι’;

223 2745 396 2776 supplevimus
415 2755 444 2770 ea*
465 2755 503 2770 ην.
520 2749 567 2770 696
583 2755 609 2778 p.
626 2749 671 2771 706
691 2747 707 2771 l.
724 2749 758 2771 16.
833 2748 854 2777 8)
875 2755 1057 2779 prosequamur
1076 2747 1107 2770 R.

1617 2785 1664 2810 89³*
