2189 2984
351 158 396 183 xx
1090 147 1101 172 1
1114 147 1137 172 N
1148 147 1171 172 D
1181 146 1202 172 E
1213 145 1245 172 X.

1890 219 1937 242 vag,

356 264 426 295 441.
459 260 661 300 Privilegium
689 256 932 290 ecclesiasticum
955 253 1073 285 Karolo
1096 251 1160 293 regi
1183 261 1373 283 concessum.
1422 250 1509 283 1347.
1555 249 1630 282 Dec.
1656 251 1703 284 18.
1747 274 1754 282 .
1787 275 1794 282 .
1889 252 1950 284 478

349 315 418 346 442.
450 311 617 343 Concessio
639 310 813 341 feudorum.
859 307 946 339 1347.
989 305 1064 336 Dec.
1079 305 1118 336 20
1125 326 1794 335 .................
1889 303 1950 335 478

348 365 418 397 443.
450 362 602 404 Receptio
624 362 656 392 in
677 359 906 402 protectionem
927 355 1061 397 imperii.
1105 355 1193 388 1347.
1236 353 1368 386 Dee.20
1372 377 1794 385 ...........
1890 354 1950 386 479

349 418 418 448 444.
450 416 519 447 445.
543 412 652 444 Karoli
672 411 750 451 regis
770 409 934 451 privilegia
955 405 1151 448 burggraviis
1170 403 1486 446 Norimbergensibus
1505 415 1665 436 concessa.
1706 404 1794 437 1347.

633 464 707 494 Dec.
722 464 757 494 21
765 480 1794 493 ..........................
1841 456 2000 489 480-481

449 518 517 549 444.
543 515 702 556 Scriptum
724 514 763 544 de
785 511 896 543 eastris
917 510 1123 552 praedonum.
1167 509 1243 539 Dec.
1257 509 1293 540 21
1303 532 1794 540 .............
1889 508 1950 540 480

449 569 518 600 445.
543 566 703 607 Scriptum
723 564 763 596 de
784 562 895 594 castris
916 561 1005 593 Floss
1027 565 1059 592 et
1080 559 1257 592 Parkstein.
1294 559 1371 590 Dee.
1384 559 1421 592 21
1428 583 1794 592 ..........
1890 559 1951 591 480

349 620 518 653 446-449.
544 618 666 658 Scripta
688 627 745 657 pro
767 615 898 646 civitate
922 612 1070 654 Spirensi.
1115 612 1203 644 1347.
1246 610 1386 643 Dee.24.
1426 635 1794 643 ..........
1840 611 2002 643 481-484

449 672 518 702 446.
542 667 743 708 Privilegium
765 667 804 698 de
826 664 967 696 diversis.
1010 664 1086 695 Dec.
1100 664 1139 696 24
1145 686 1794 695 .................
1890 662 1948 694 481

450 722 518 754 447.
542 719 744 759 Privilegium
766 718 804 749 de
826 720 964 748 moneta.
1008 715 1085 746 Dee.
1099 715 1137 747 24
1142 738 1795 746 .................
1891 713 1950 746 483

449 774 518 805 448.
543 771 703 812 Scriptum
724 769 765 800 ad
787 768 983 800 mansionem
1005 766 1128 808 imperii
1149 769 1306 807 spectans.
1350 764 1426 796 Dec.
1440 765 1490 797 24.
1548 789 1795 797 .......
1891 764 1951 797 483

450 825 518 856 449.
541 821 705 854 Concessio
727 821 928 852 Iudaeorum.
971 819 1047 850 Dec.
1061 819 1099 851 24
1105 840 1794 849 ..................
1890 817 1950 849 484

349 878 418 908 450.
450 873 642 906 Protestatio
674 872 816 904 civitatis
840 870 1027 902 Miilhausen
1057 869 1095 901 de
1127 868 1340 909 recognitione
1364 867 1454 908 regis.
1505 867 1592 900 1347.
1643 867 1718 899 Dec.
1744 868 1792 900 24.
1891 868 1951 900 484

349 928 418 959 451.
452 926 613 967 Scriptum
635 925 673 956 de
694 923 821 955 felonia.
866 923 953 955 1347.
996 921 1124 953 Deam}
1129 944 1797 952 .................
1892 919 1952 952 486

350 979 419 1010 452.
452 977 657 1017 Privilegium
673 976 712 1007 de
728 975 853 1007 teloneo
870 978 902 1005 et
918 977 1045 1004 moneta
1063 983 1120 1014 pro
1137 971 1253 1003 comite
1270 970 1354 1002 Novi
1369 970 1482 1002 Castri.
1516 971 1606 1004 1347.
1639 970 1714 1002 Dec.
1731 971 1782 1003 26.
1893 971 1953 1003 486

354 1030 424 1062 453.
456 1029 644 1060 Mandatum
666 1028 704 1058 de
725 1025 894 1058 advocatia
915 1030 1019 1056 terrae
1040 1023 1190 1055 Alsatiae.
1235 1023 1322 1055 1348.
1365 1022 1434 1054 Ian.
1451 1024 1465 1055 1
1473 1047 1798 1055 .........
1893 1022 1954 1055 488

355 1083 426 1113 454.
457 1082 526 1113 455.

551 1080 672 1120 Scripta
697 1090 752 1120 pro
774 1077 906 1109 civitate
927 1075 1156 1116 Weissenburg.
1198 1075 1285 1108 1348.
1326 1075 1479 1106 Ian.1.‘2.
1513 1099 1519 1106 .
1553 1099 1559 1106 .
1592 1099 1599 1106 .
1632 1099 1638 1106 .
1672 1099 1678 1106 .
1712 1099 1718 1106 .
1752 1098 1758 1105 .
1791 1098 1798 1105 .
1845 1074 2005 1107 488-489

451 1134 520 1164 454.
544 1130 710 1162 Concessio
735 1130 773 1161 de
795 1134 892 1161 stura.
936 1129 1004 1159 Ian.
1020 1130 1035 1160 1
1042 1150 1797 1159 ...................
1892 1125 1954 1158 488

451 1185 520 1215 455.
545 1182 747 1222 Privilegium
769 1181 807 1212 de
829 1179 946 1212 iudicio
968 1183 1000 1211 et
1022 1179 1060 1210 de
1082 1182 1179 1210 stura.
1223 1178 1291 1209 Ian.
1305 1178 1323 1210 2
1329 1201 1797 1209 ............
1892 1177 1953 1210 489

351 1236 420 1267 456.
451 1236 521 1267 457.
547 1234 671 1275 Scripta
693 1244 749 1274 pro
773 1231 903 1264 Gerlaco
926 1232 965 1262 de
986 1230 1149 1270 Isenburg.
1194 1229 1282 1262 1348.
1326 1229 1394 1260 Ian.
1408 1231 1427 1261 4
1432 1253 1797 1261 ..........
1844 1228 2006 1261 489—490

451 1286 521 1318 456.
547 1285 656 1317 Gratia
681 1296 736 1325 pro
759 1283 906 1324 homagio
928 1292 1084 1313 concessa.
1128 1282 1229 1314 Ian.4
1235 1305 1797 1313 ...............
1893 1280 1954 1312 489

452 1339 521 1369 457.
546 1336 748 1376 Privilegium
770 1336 808 1366 de
830 1334 957 1366 iudicio.
1000 1334 1068 1364 Ian.
1083 1336 1101 1366 4
1107 1356 1797 1365 ..................
1893 1332 1955 1364 490

352 1389 422 1421 458.
453 1390 522 1421 459.
547 1388 671 1429 Scripta
693 1399 749 1429 pro
772 1386 903 1417 civitate
925 1384 1159 1417 wormatiensi.
1204 1384 1291 1418 1348.
1336 1384 1403 1415 Ian.
1417 1386 1435 1416 4
1441 1408 1798 1416 ..........
1844 1383 2006 1416 491-493

452 1441 521 1472 458.
544 1438 749 1472 Confirmatio
771 1438 887 1470 iurium
909 1437 1072 1478 generalis.
1116 1437 1184 1468 Ian.
1198 1438 1216 1468 4
1222 1460 1798 1468 ...............
1895 1435 1952 1468 491

453 1493 522 1524 459.
545 1490 708 1523 Concessio
730 1490 932 1522 Iudaeorum.
977 1489 1046 1519 Ian.
1060 1490 1078 1520 4
1084 1511 1797 1520 ..................
1894 1487 1954 1519 492

353 1544 524 1576 460-462.
549 1543 672 1584 Scripta
694 1553 751 1583 pro
774 1542 919 1583 episcopo
942 1539 1171 1581 Argentinensi.
1216 1539 1303 1572 1348.
1346 1539 1414 1570 Ian.
1427 1541 1457 1572 4.
1473 1540 1501 1571 5.
1550 1565 1557 1572 .
1591 1565 1597 1571 .
1630 1564 1638 1572 .
1671 1564 1678 1571 .
1711 1564 1718 1571 .
1751 1563 1758 1571 .
1791 1563 1799 1570 .
1844 1538 2004 1572 493—494

453 1595 523 1627 460.
547 1593 754 1626 Renuntiatio
777 1604 903 1634 precum
926 1591 1157 1633 primariarum.
1200 1591 1268 1622 Ian.
1282 1593 1300 1623 4
1306 1615 1798 1623 .............
1894 1589 1953 1622 493

453 1647 523 1678 461.
546 1645 749 1686 Privilegium
770 1645 810 1676 de
831 1643 1057 1676 iurisdictione.
1101 1643 1170 1674 Ian.
1183 1645 1202 1676 4
1208 1666 1798 1675 ................
1893 1641 1953 1674 493

454 1698 523 1730 462.
546 1697 735 1729 Mandatum
756 1696 794 1727 de
816 1695 939 1727 iudiciis
962 1694 1190 1727 ecclesiasticis.
1234 1695 1301 1725 Ian.
1316 1695 1334 1726 5
1339 1718 1798 1726 ............
1894 1693 1953 1726 494

353 1750 422 1780 463.
457 1748 657 1789 Privilegium
680 1749 719 1779 de
740 1747 873 1779 diversis
894 1759 951 1788 pro
973 1746 1107 1778 civitate
1129 1745 1327 1786 Magum-ina.
1373 1746 1460 1778 1348.
1504 1746 1572 1776 Ian.
1595 1747 1624 1778 5.
1670 1770 1677 1777 .
1711 1770 1717 1776 .
1751 1770 1756 1776 .
1791 1770 1796 1776 .
1893 1745 1952 1777 495

354 1801 423 1832 464.
455 1800 618 1831 Concessio
640 1800 827 1831 advocatiae
849 1810 942 1841 super
963 1798 1144 1830 hominibus
1166 1788 1301 1839 propriis
1324 1796 1457 1838 imperii.
1503 1797 1590 1830 1348.
1635 1797 1704 1828 Ian.
1727 1797 1756 1829 6.
1791 1821 1797 1828 .
1893 1797 1954 1828 496

353 1853 522 1884 465—471.
548 1852 670 1892 Scripta
693 1863 748 1893 pro
770 1851 961 1882 monasterio
985 1849 1282 1890 Weissenburgensi.
1328 1849 1414 1881 1348.
1457 1849 1661 1881 lana—18.
1712 1873 1719 1880 .
1752 1873 1758 1879 .
1792 1873 1798 1879 .
1845 1848 2006 1880 496-500

369 1909 375 1915 '
457 1904 525 1935 465.
548 1903 712 1934 Concessio
735 1903 912 1934 feudorum.
956 1902 1024 1932 Ian.
1038 1903 1056 1933 6
1061 1924 1796 1933 ...................
1892 1899 1953 1932 496

456 1955 525 1986 466.
550 1954 732 1986 infeudatio
756 1954 794 1985 de
816 1960 918 1984 castro
940 1952 1148 1984 Biirbelstein.
1193 1952 1292 1984 Iano
1298 1976 1797 1984 .............
1893 1951 1953 1983 497

455 2007 624 2038 467-—469
650 2006 774 2047 Scripta
786 2006 824 2036 (le
836 2005 956 2036 iuribus
970 2009 1001 2036 et
1013 2004 1183 2045 privilegiis
1194 2003 1377 2035 monasterii
1388 2002 1640 2035 manutenendis.
1657 2003 1787 2035 Ian.6.9.
1844 2002 2005 2035 497—499

556 2058 624 2089 467.
647 2057 759 2088 Cautio
781 2056 941 2097 generalis.
987 2057 1054 2086 Ian.
1068 2056 1086 2088 6
1091 2079 1796 2088 ..................
1893 2054 1953 2086 497

555 2109 624 2140 468.
648 2108 835 2139 Mandatum
857 2107 1042 2139 civitatibus
1063 2106 1255 2148 quibusdam
1277 2106 1443 2138 directum.
1486 2107 1554 2137 Ian.
1568 2107 1586 2138 6
1591 2130 1797 2138 ......
1894 2105 1954 2138 498

555 2162 583 2191 41
587 2161 624 2191 59.
647 2160 758 2190 Cautio
770 2159 912 2201 specialis
922 2159 960 2191 de
971 2158 1141 2200 privilegiis
1150 2157 1569 2198 civitatiWeissenburgensi
1578 2157 1670 2189 datis.
1692 2156 1796 2188 IanssJ.
1894 2157 1954 2189 498

457 2211 526 2241 470.
551 2210 701 2251 Receptio
722 2211 755 2241 in
776 2211 1004 2251 protectionem
1026 2210 1158 2251 imperii.
1190 2210 1269 2247 Alam.
1284 2210 1302 2241 9
1307 2233 1797 2241 .............
1894 2208 1954 2240 499

458 2262 526 2293 471.
549 2261 712 2293 Concessio
739 2262 777 2293 de
805 2262 940 2293 servitiis
968 2261 1158 2293 monasterio
1186 2261 1395 2302 praestandis.
1450 2261 1518 2292 Ian.
1550 2261 1586 2293 18
1590 2284 1798 2292 ......
1895 2260 1955 2292 499

359 2313 427 2342 «172.
458 2312 620 2342 Concessio
644 2312 773 2344 Gerlaco
796 2314 834 2344 de
856 2314 1039 2344 Brunshorn
1060 2324 1116 2354 pro
1138 2312 1284 2353 homagio
1306 2313 1402 2344 facta.
1446 2313 1534 2345 1348.
1578 2312 1645 2343 Ian.
1668 2312 1696 2344 7.
1751 2336 1759 2343 .
1792 2335 1799 2343 .
1895 2312 1956 2343 500

360 2364 428 2393 473.
462 2362 661 2403 Privilegium
683 2364 721 2395 de
744 2365 874 2395 diversis
896 2376 952 2405 pro
975 2364 1160 2396 civitatibus
1184 2364 1327 2396 Sueviae.
1374 2364 1461 2396 1348.
1507 2364 1575 2394 Ian.
1599 2364 1627 2395 9.
1671 2388 1678 2394 .
1711 2387 1718 2394 .
1752 2387 1759 2394 .
1792 2387 1799 2394 .
1896 2363 1953 2394 501

359 2415 427 2445 474.
460 2414 581 2444 Notitia,
601 2415 639 2445 <le
658 2415 770 2446 litteris
789 2416 829 2446 ad
849 2415 1033 2447 electionem
1053 2416 1133 2456 regis
1151 2415 1283 2456 Angliae
1301 2416 1333 2446 in
1352 2426 1456 2456 regem
1475 2416 1693 2446 Romanorum
1711 2424 1797 2455 spec-

360 2517 528 2548 475—479.

460 2568 528 2599 475.

460 2619 529 2650 476.

460 2670 529 2701 477.

460 2721 529 2752 478.

460 2773 528 2803 479.

639 2466 791 2497 tenuibus.
835 2468 934 2503 (1348.
980 2468 1123 2506 131110.)
1144 2490 1795 2499 .................
1892 2465 1952 2497 502

552 2517 630 2546 Acta
647 2517 853 2548 absolutionis
870 2518 1030 2549 fautorum
1046 2518 1197 2549 Ludovici
1212 2518 1419 2559 imperatoris.
1451 2519 1538 2551 1348.
1569 2518 1636 2549 Ian.
1655 2517 1794 2550 10.—31.
1843 2517 2004 2549 502—506

552 2567 716 2598 Absolutio
738 2568 919 2599 clericorum
943 2570 972 2600 S.
998 2569 1086 2600 Pauli
1108 2569 1353 2601 Wormatiensis.
1397 2570 1464 2600 Ian.
1481 2571 1518 2602 10
1522 2593 1794 2601 ........
1892 2567 1951 2600 502

553 2618 716 2649 Absolutis)
740 2619 922 2650 monialium
945 2621 975 2651 S.
992 2621 1144 2661 Stephani
1165 2621 1380 2661 Augustensis
1424 2621 1554 2653 Ians28.
1586 2646 1593 2652 .
1627 2645 1633 2652 .
1666 2645 1673 2651 .
1707 2645 1713 2651 .
1747 2645 1753 2651 .
1787 2644 1793 2650 .
1892 2619 1951 2650 504

552 2669 717 2700 Absolutis,
739 2670 919 2701 clericorum
940 2671 971 2701 in
994 2671 1192 2712 Reutlingen.
1237 2673 1392 2704 131129..
1426 2698 1432 2704 .
1466 2698 1472 2704 .
1506 2698 1512 2704 .
1546 2698 1552 2703 .
1586 2697 1592 2703 .
1627 2697 1633 2703 .
1667 2696 1673 2702 .
1707 2696 1713 2702 .
1748 2696 1754 2702 .
1787 2695 1794 2702 .
1891 2670 1950 2702 504

552 2720 717 2751 Absoluiio
739 2732 794 2761 pro
817 2722 1013 2753 monasteriis
1034 2723 1235 2763 Weingarten
1257 2728 1287 2754 et.
1310 2724 1432 2754 Hoven.
1478 2724 1544 2754 Ian.
1559 2724 1606 2755 30.
1626 2748 1633 2754 .
1666 2747 1673 2753 .
1706 2747 1713 2753 .
1747 2747 1753 2753 .
1788 2746 1794 2752 .
1891 2721 1950 2752 505

552 2771 716 2802 Absolutio
738 2772 877 2803 civitatis
899 2773 1056 2804 Rottweil.
1100 2775 1168 2805 Ian.
1182 2775 1217 2807 31
1224 2797 1794 2806 ...............
1893 2772 1952 2804 505
