<?xml version="1.0" encoding="UTF-8"?>
<!DOCTYPE html PUBLIC "-//W3C//DTD XHTML 1.0 Transitional//EN"
    "http://www.w3.org/TR/xhtml1/DTD/xhtml1-transitional.dtd">
<html xmlns="http://www.w3.org/1999/xhtml" xml:lang="en" lang="en">
 <head>
  <title>
</title>
<meta http-equiv="Content-Type" content="text/html;charset=utf-8" />
  <meta name='ocr-system' content='tesseract 3.04.00' />
  <meta name='ocr-capabilities' content='ocr_page ocr_carea ocr_par ocr_line ocrx_word'/>
</head>
<body>
  <div class='ocr_page' id='page_1' title='image "./monumentagermani08geseuoft/monumentagermani08geseuoft_0335.png"; bbox 0 0 2189 2984; ppageno 0'>
   <div class='ocr_carea' id='block_1_1' title="bbox 166 724 190 742">
    <p class='ocr_par' dir='ltr' id='par_1_1' title="bbox 166 724 190 742">
     <span class='ocr_line' id='line_1_1' title="bbox 166 724 190 742; baseline 0 0"><span class='ocrx_word' id='word_1_1' title='bbox 166 724 190 742; x_wconf 85' lang='lat'><strong>10</strong></span> 
     </span>
    </p>
   </div>
   <div class='ocr_carea' id='block_1_2' title="bbox 166 980 189 997">
    <p class='ocr_par' dir='ltr' id='par_1_2' title="bbox 166 980 189 997">
     <span class='ocr_line' id='line_1_2' title="bbox 166 980 189 997; baseline 0 0"><span class='ocrx_word' id='word_1_2' title='bbox 166 980 189 997; x_wconf 80' lang='lat'><strong>15</strong></span> 
     </span>
    </p>
   </div>
   <div class='ocr_carea' id='block_1_3' title="bbox 167 1235 191 1253">
    <p class='ocr_par' dir='ltr' id='par_1_3' title="bbox 167 1235 191 1253">
     <span class='ocr_line' id='line_1_3' title="bbox 167 1235 191 1253; baseline -0.042 0"><span class='ocrx_word' id='word_1_3' title='bbox 167 1235 191 1253; x_wconf 81' lang='lat'><strong>20</strong></span> 
     </span>
    </p>
   </div>
   <div class='ocr_carea' id='block_1_4' title="bbox 167 1491 191 1510">
    <p class='ocr_par' dir='ltr' id='par_1_4' title="bbox 167 1491 191 1510">
     <span class='ocr_line' id='line_1_4' title="bbox 167 1491 191 1510; baseline 0.042 -1"><span class='ocrx_word' id='word_1_4' title='bbox 167 1491 191 1510; x_wconf 73' lang='lat'><strong>25</strong></span> 
     </span>
    </p>
   </div>
   <div class='ocr_carea' id='block_1_5' title="bbox 168 1748 192 1765">
    <p class='ocr_par' dir='ltr' id='par_1_5' title="bbox 168 1748 192 1765">
     <span class='ocr_line' id='line_1_5' title="bbox 168 1748 192 1765; baseline -0.042 0"><span class='ocrx_word' id='word_1_5' title='bbox 168 1748 192 1765; x_wconf 78' lang='lat'><strong>30</strong></span> 
     </span>
    </p>
   </div>
   <div class='ocr_carea' id='block_1_6' title="bbox 167 2002 190 2020">
    <p class='ocr_par' dir='ltr' id='par_1_6' title="bbox 167 2002 190 2020">
     <span class='ocr_line' id='line_1_6' title="bbox 167 2002 190 2020; baseline -0.043 0"><span class='ocrx_word' id='word_1_6' title='bbox 167 2002 190 2020; x_wconf 80' lang='lat'><strong>³5</strong></span> 
     </span>
    </p>
   </div>
   <div class='ocr_carea' id='block_1_7' title="bbox 167 2260 192 2277">
    <p class='ocr_par' dir='ltr' id='par_1_7' title="bbox 167 2260 192 2277">
     <span class='ocr_line' id='line_1_7' title="bbox 167 2260 192 2277; baseline -0.04 0"><span class='ocrx_word' id='word_1_7' title='bbox 167 2260 192 2277; x_wconf 73' lang='lat'><strong>40</strong></span> 
     </span>
    </p>
   </div>
   <div class='ocr_carea' id='block_1_8' title="bbox 168 2514 193 2533">
    <p class='ocr_par' dir='ltr' id='par_1_8' title="bbox 168 2514 193 2533">
     <span class='ocr_line' id='line_1_8' title="bbox 168 2514 193 2533; baseline 0.04 -1"><span class='ocrx_word' id='word_1_8' title='bbox 168 2514 193 2533; x_wconf 71' lang='lat'><strong>45</strong></span> 
     </span>
    </p>
   </div>
   <div class='ocr_carea' id='block_1_9' title="bbox 671 165 1853 198">
    <p class='ocr_par' dir='ltr' id='par_1_9' title="bbox 671 165 1853 198">
     <span class='ocr_line' id='line_1_9' title="bbox 671 165 1853 198; baseline -0.008 -4"><span class='ocrx_word' id='word_1_9' title='bbox 671 168 766 194; x_wconf 77' lang='lat' dir='ltr'>ACTA</span> <span class='ocrx_word' id='word_1_10' title='bbox 786 167 898 194; x_wconf 76' lang='lat' dir='ltr'>REGNI</span> <span class='ocrx_word' id='word_1_11' title='bbox 918 165 1054 192; x_wconf 84' lang='lat' dir='ltr'><strong>KAROLI</strong></span> <span class='ocrx_word' id='word_1_12' title='bbox 1073 165 1120 191; x_wconf 85' lang='lat' dir='ltr'><strong>IV.</strong></span> <span class='ocrx_word' id='word_1_13' title='bbox 1158 165 1233 190; x_wconf 81' lang='lat'><strong>1347.</strong></span> <span class='ocrx_word' id='word_1_14' title='bbox 1269 165 1316 190; x_wconf 84' lang='lat' dir='ltr'><strong>Nr.</strong></span> <span class='ocrx_word' id='word_1_15' title='bbox 1331 165 1388 190; x_wconf 78' lang='lat'>239.</span> <span class='ocrx_word' id='word_1_16' title='bbox 1793 169 1853 198; x_wconf 73' lang='lat'><strong>297</strong></span> 
     </span>
    </p>
   </div>
   <div class='ocr_carea' id='block_1_10' title="bbox 204 250 1864 2653">
    <p class='ocr_par' dir='ltr' id='par_1_10' title="bbox 204 250 1864 2653">
     <span class='ocr_line' id='line_1_10' title="bbox 204 250 1855 296; baseline -0.004 -10"><span class='ocrx_word' id='word_1_17' title='bbox 204 266 310 286; x_wconf 88' lang='lat' dir='ltr'><strong>rerum</strong></span> <span class='ocrx_word' id='word_1_18' title='bbox 335 255 595 296; x_wconf 85' lang='lat' dir='ltr'><strong>quomodolibetb</strong></span> <span class='ocrx_word' id='word_1_19' title='bbox 618 255 830 295; x_wconf 83' lang='lat' dir='ltr'><strong>pertinerent,</strong></span> <span class='ocrx_word' id='word_1_20' title='bbox 862 262 923 292; x_wconf 92' lang='lat' dir='ltr'><strong>que</strong></span> <span class='ocrx_word' id='word_1_21' title='bbox 954 252 1060 282; x_wconf 81' lang='lat' dir='ltr'><strong>omnia</strong></span> <span class='ocrx_word' id='word_1_22' title='bbox 1091 254 1123 281; x_wconf 92' lang='lat' dir='ltr'><strong>et</strong></span> <span class='ocrx_word' id='word_1_23' title='bbox 1153 251 1277 291; x_wconf 85' lang='lat' dir='ltr'><strong>singula</strong></span> <span class='ocrx_word' id='word_1_24' title='bbox 1305 250 1551 291; x_wconf 78' lang='lat' dir='ltr'><strong>predecessores</strong></span> <span class='ocrx_word' id='word_1_25' title='bbox 1583 253 1627 282; x_wconf 87' lang='lat' dir='ltr'><strong>tui</strong></span> <span class='ocrx_word' id='word_1_26' title='bbox 1659 256 1690 283; x_wconf 86' lang='lat' dir='ltr'><strong>et</strong></span> <span class='ocrx_word' id='word_1_27' title='bbox 1721 253 1855 283; x_wconf 80' lang='lat' dir='ltr'><strong>ecelesia.</strong></span> 
     </span>
     <span class='ocr_line' id='line_1_11' title="bbox 207 301 1861 346; baseline -0.002 -8"><span class='ocrx_word' id='word_1_28' title='bbox 207 306 369 338; x_wconf 84' lang='lat' dir='ltr'><strong>antedicta</strong></span> <span class='ocrx_word' id='word_1_29' title='bbox 399 317 440 336; x_wconf 80' lang='lat' dir='ltr'><strong>ex</strong></span> <span class='ocrx_word' id='word_1_30' title='bbox 462 307 603 346; x_wconf 88' lang='lat' dir='ltr'><strong>ipsorum</strong></span> <span class='ocrx_word' id='word_1_31' title='bbox 627 305 890 346; x_wconf 78' lang='lat' dir='ltr'><strong>predecessorum</strong></span> <span class='ocrx_word' id='word_1_32' title='bbox 918 306 1097 333; x_wconf 88' lang='lat' dir='ltr'><strong>nostrorum</strong></span> <span class='ocrx_word' id='word_1_33' title='bbox 1122 301 1378 332; x_wconf 78' lang='lat' dir='ltr'><strong>concessionibus</strong></span> <span class='ocrx_word' id='word_1_34' title='bbox 1403 306 1573 333; x_wconf 87' lang='lat' dir='ltr'><strong>tenuerunt</strong></span> <span class='ocrx_word' id='word_1_35' title='bbox 1603 306 1634 333; x_wconf 80' lang='lat' dir='ltr'><strong>et</strong></span> <span class='ocrx_word' id='word_1_36' title='bbox 1657 303 1861 344; x_wconf 87' lang='lat' dir='ltr'><strong>possiderunt</strong></span> 
     </span>
     <span class='ocr_line' id='line_1_12' title="bbox 207 353 1859 396; baseline -0.001 -8"><span class='ocrx_word' id='word_1_37' title='bbox 207 360 240 388; x_wconf 81' lang='lat' dir='ltr'><strong>et</strong></span> <span class='ocrx_word' id='word_1_38' title='bbox 262 358 294 388; x_wconf 91' lang='lat' dir='ltr'><strong>in</strong></span> <span class='ocrx_word' id='word_1_39' title='bbox 319 367 430 388; x_wconf 89' lang='lat' dir='ltr'><strong>eorum</strong></span> <span class='ocrx_word' id='word_1_40' title='bbox 454 360 564 388; x_wconf 82' lang='lat' dir='ltr'><strong>tenuta</strong></span> <span class='ocrx_word' id='word_1_41' title='bbox 592 359 624 386; x_wconf 87' lang='lat' dir='ltr'><strong>et</strong></span> <span class='ocrx_word' id='word_1_42' title='bbox 647 356 848 396; x_wconf 82' lang='lat' dir='ltr'><strong>possessione</strong></span> <span class='ocrx_word' id='word_1_43' title='bbox 876 354 1003 385; x_wconf 87' lang='lat' dir='ltr'><strong>fuerunt</strong></span> <span class='ocrx_word' id='word_1_44' title='bbox 1032 353 1165 394; x_wconf 84' lang='lat' dir='ltr'><strong>pacifice</strong></span> <span class='ocrx_word' id='word_1_45' title='bbox 1194 356 1226 383; x_wconf 88' lang='lat' dir='ltr'><strong>et</strong></span> <span class='ocrx_word' id='word_1_46' title='bbox 1256 354 1379 394; x_wconf 90' lang='lat' dir='ltr'><strong>quiete,</strong></span> <span class='ocrx_word' id='word_1_47' title='bbox 1404 353 1553 394; x_wconf 88' lang='lat' dir='ltr'><strong>quodque</strong></span> <span class='ocrx_word' id='word_1_48' title='bbox 1578 357 1723 395; x_wconf 85' lang='lat' dir='ltr'><strong>tempore</strong></span> <span class='ocrx_word' id='word_1_49' title='bbox 1748 365 1859 395; x_wconf 89' lang='lat' dir='ltr'><strong>proce-</strong></span> 
     </span>
     <span class='ocr_line' id='line_1_13' title="bbox 208 404 1858 447; baseline -0.002 -8"><span class='ocrx_word' id='word_1_50' title='bbox 208 408 303 439; x_wconf 86' lang='lat' dir='ltr'><strong>dente</strong></span> <span class='ocrx_word' id='word_1_51' title='bbox 336 408 471 439; x_wconf 88' lang='lat' dir='ltr'><strong>ecclesia</strong></span> <span class='ocrx_word' id='word_1_52' title='bbox 495 410 549 437; x_wconf 84' lang='lat' dir='ltr'><strong>tua</strong></span> <span class='ocrx_word' id='word_1_53' title='bbox 572 406 716 447; x_wconf 85' lang='lat' dir='ltr'><strong>predicta</strong></span> <span class='ocrx_word' id='word_1_54' title='bbox 741 410 773 436; x_wconf 87' lang='lat' dir='ltr'><strong>et</strong></span> <span class='ocrx_word' id='word_1_55' title='bbox 796 405 1040 446; x_wconf 80' lang='lat' dir='ltr'><strong>predecessores</strong></span> <span class='ocrx_word' id='word_1_56' title='bbox 1064 405 1108 434; x_wconf 89' lang='lat' dir='ltr'><strong>tui</strong></span> <span class='ocrx_word' id='word_1_57' title='bbox 1133 404 1262 434; x_wconf 87' lang='lat' dir='ltr'><strong>fuerunt</strong></span> <span class='ocrx_word' id='word_1_58' title='bbox 1286 404 1325 434; x_wconf 90' lang='lat' dir='ltr'><strong>de</strong></span> <span class='ocrx_word' id='word_1_59' title='bbox 1349 404 1501 444; x_wconf 78' lang='lat' dir='ltr'><strong>predictis</strong></span> <span class='ocrx_word' id='word_1_60' title='bbox 1524 405 1639 436; x_wconf 79' lang='lat' dir='ltr'><strong>iniuste</strong></span> <span class='ocrx_word' id='word_1_61' title='bbox 1664 410 1695 436; x_wconf 91' lang='lat' dir='ltr'><strong>et</strong></span> <span class='ocrx_word' id='word_1_62' title='bbox 1718 406 1858 437; x_wconf 82' lang='lat' dir='ltr'><strong>indebite</strong></span> 
     </span>
     <span class='ocr_line' id='line_1_14' title="bbox 208 455 1860 500; baseline -0.001 -10"><span class='ocrx_word' id='word_1_63' title='bbox 208 459 335 500; x_wconf 82' lang='lat' dir='ltr'><strong>spoliati</strong></span> <span class='ocrx_word' id='word_1_64' title='bbox 358 469 416 499; x_wconf 90' lang='lat' dir='ltr'><strong>per</strong></span> <span class='ocrx_word' id='word_1_65' title='bbox 440 458 601 499; x_wconf 89' lang='lat' dir='ltr'><strong>quondam</strong></span> <span class='ocrx_word' id='word_1_66' title='bbox 624 457 844 488; x_wconf 79' lang='lat' dir='ltr'><strong>Meinardume</strong></span> <span class='ocrx_word' id='word_1_67' title='bbox 867 456 1017 487; x_wconf 88' lang='lat' dir='ltr'><strong>comitem</strong></span> <span class='ocrx_word' id='word_1_68' title='bbox 1042 455 1251 496; x_wconf 80' lang='lat' dir='ltr'><strong>Tyrolensem</strong></span> <span class='ocrx_word' id='word_1_69' title='bbox 1281 459 1312 485; x_wconf 88' lang='lat' dir='ltr'><strong>et</strong></span> <span class='ocrx_word' id='word_1_70' title='bbox 1335 455 1581 495; x_wconf 74' lang='lat' dir='ltr'><strong>predecessores</strong></span> <span class='ocrx_word' id='word_1_71' title='bbox 1605 460 1637 486; x_wconf 84' lang='lat' dir='ltr'><strong>et</strong></span> <span class='ocrx_word' id='word_1_72' title='bbox 1661 468 1860 488; x_wconf 75' lang='lat' dir='ltr'><strong>successores</strong></span> 
     </span>
     <span class='ocr_line' id='line_1_15' title="bbox 208 506 1861 550; baseline -0.001 -9"><span class='ocrx_word' id='word_1_73' title='bbox 208 521 244 541; x_wconf 86' lang='lat' dir='ltr'><strong>ac</strong></span> <span class='ocrx_word' id='word_1_74' title='bbox 261 510 398 541; x_wconf 86' lang='lat' dir='ltr'><strong>heredes</strong></span> <span class='ocrx_word' id='word_1_75' title='bbox 423 509 577 549; x_wconf 85' lang='lat' dir='ltr'><strong>eiusdem,</strong></span> <span class='ocrx_word' id='word_1_76' title='bbox 602 520 620 539; x_wconf 87' lang='lat' dir='ltr'><strong>a</strong></span> <span class='ocrx_word' id='word_1_77' title='bbox 645 509 759 550; x_wconf 86' lang='lat' dir='ltr'><strong>quibus</strong></span> <span class='ocrx_word' id='word_1_78' title='bbox 776 507 925 549; x_wconf 76' lang='lat' dir='ltr'><strong>quidemd</strong></span> <span class='ocrx_word' id='word_1_79' title='bbox 941 506 1186 548; x_wconf 81' lang='lat' dir='ltr'><strong>spoliationibus</strong></span> <span class='ocrx_word' id='word_1_80' title='bbox 1210 507 1239 536; x_wconf 89' lang='lat' dir='ltr'><strong>in</strong></span> <span class='ocrx_word' id='word_1_81' title='bbox 1264 507 1422 547; x_wconf 82' lang='lat' dir='ltr'><strong>integrum</strong></span> <span class='ocrx_word' id='word_1_82' title='bbox 1448 508 1656 537; x_wconf 83' lang='lat' dir='ltr'><strong>restitutionis</strong></span> <span class='ocrx_word' id='word_1_83' title='bbox 1672 508 1861 539; x_wconf 88' lang='lat' dir='ltr'><strong>beneficium</strong></span> 
     </span>
     <span class='ocr_line' id='line_1_16' title="bbox 207 558 1860 600; baseline -0.001 -8"><span class='ocrx_word' id='word_1_84' title='bbox 207 572 226 592; x_wconf 85' lang='lat' dir='ltr'><strong>a</strong></span> <span class='ocrx_word' id='word_1_85' title='bbox 257 564 365 592; x_wconf 86' lang='lat' dir='ltr'><strong>nostra</strong></span> <span class='ocrx_word' id='word_1_86' title='bbox 393 560 581 591; x_wconf 85' lang='lat' dir='ltr'><strong>celsitudine</strong></span> <span class='ocrx_word' id='word_1_87' title='bbox 610 560 788 600; x_wconf 84' lang='lat' dir='ltr'><strong>postulasti.</strong></span> <span class='ocrx_word' id='word_1_88' title='bbox 835 559 902 590; x_wconf 87' lang='lat' dir='ltr'><strong>Nos</strong></span> <span class='ocrx_word' id='word_1_89' title='bbox 931 562 1040 589; x_wconf 85' lang='lat' dir='ltr'><strong>autem</strong></span> <span class='ocrx_word' id='word_1_90' title='bbox 1064 558 1208 588; x_wconf 86' lang='lat' dir='ltr'><strong>volentes</strong></span> <span class='ocrx_word' id='word_1_91' title='bbox 1240 562 1271 588; x_wconf 89' lang='lat' dir='ltr'><strong>et</strong></span> <span class='ocrx_word' id='word_1_92' title='bbox 1295 558 1409 588; x_wconf 89' lang='lat' dir='ltr'><strong>merito</strong></span> <span class='ocrx_word' id='word_1_93' title='bbox 1439 568 1501 588; x_wconf 89' lang='lat' dir='ltr'><strong>non</strong></span> <span class='ocrx_word' id='word_1_94' title='bbox 1528 558 1629 588; x_wconf 88' lang='lat' dir='ltr'><strong>solum</strong></span> <span class='ocrx_word' id='word_1_95' title='bbox 1654 562 1685 589; x_wconf 86' lang='lat' dir='ltr'><strong>te</strong></span> <span class='ocrx_word' id='word_1_96' title='bbox 1709 562 1860 600; x_wconf 83' lang='lat' dir='ltr'><strong>tuamque</strong></span> 
     </span>
     <span class='ocr_line' id='line_1_17' title="bbox 208 609 1860 649; baseline -0.001 -6"><span class='ocrx_word' id='word_1_97' title='bbox 208 613 377 643; x_wconf 87' lang='lat' dir='ltr'><strong>ecclesiam</strong></span> <span class='ocrx_word' id='word_1_98' title='bbox 402 612 569 642; x_wconf 79' lang='lat' dir='ltr'><strong>restituere</strong></span> <span class='ocrx_word' id='word_1_99' title='bbox 593 616 626 641; x_wconf 87' lang='lat' dir='ltr'><strong>et</strong></span> <span class='ocrx_word' id='word_1_100' title='bbox 649 622 667 641; x_wconf 90' lang='lat' dir='ltr'><strong>a</strong></span> <span class='ocrx_word' id='word_1_101' title='bbox 692 614 779 641; x_wconf 82' lang='lat' dir='ltr'><strong>tanta</strong></span> <span class='ocrx_word' id='word_1_102' title='bbox 802 611 916 640; x_wconf 78' lang='lat' dir='ltr'><strong>iniuria</strong></span> <span class='ocrx_word' id='word_1_103' title='bbox 940 610 1095 649; x_wconf 87' lang='lat' dir='ltr'><strong>relevare,</strong></span> <span class='ocrx_word' id='word_1_104' title='bbox 1127 619 1235 640; x_wconf 88' lang='lat' dir='ltr'><strong>verum</strong></span> <span class='ocrx_word' id='word_1_105' title='bbox 1262 610 1359 639; x_wconf 87' lang='lat' dir='ltr'><strong>etiam</strong></span> <span class='ocrx_word' id='word_1_106' title='bbox 1385 612 1438 639; x_wconf 86' lang='lat' dir='ltr'><strong>tua</strong></span> <span class='ocrx_word' id='word_1_107' title='bbox 1462 609 1624 649; x_wconf 76' lang='lat' dir='ltr'><strong>ipsiusque</strong></span> <span class='ocrx_word' id='word_1_108' title='bbox 1650 610 1783 640; x_wconf 75' lang='lat' dir='ltr'><strong>ecclesie</strong></span> <span class='ocrx_word' id='word_1_109' title='bbox 1808 615 1860 641; x_wconf 88' lang='lat' dir='ltr'><strong>tue</strong></span> 
     </span>
     <span class='ocr_line' id='line_1_18' title="bbox 208 659 1860 704; baseline -0.002 -10"><span class='ocrx_word' id='word_1_110' title='bbox 208 665 277 694; x_wconf 83' lang='lat' dir='ltr'><strong>iura</strong></span> <span class='ocrx_word' id='word_1_111' title='bbox 301 673 420 704; x_wconf 84' lang='lat' dir='ltr'><strong>augere</strong></span> <span class='ocrx_word' id='word_1_112' title='bbox 445 666 478 694; x_wconf 89' lang='lat' dir='ltr'><strong>et</strong></span> <span class='ocrx_word' id='word_1_113' title='bbox 501 663 613 693; x_wconf 82' lang='lat' dir='ltr'><strong>fortius</strong></span> <span class='ocrx_word' id='word_1_114' title='bbox 637 662 803 695; x_wconf 83' lang='lat' dir='ltr'><strong>roborare,</strong></span> <span class='ocrx_word' id='word_1_115' title='bbox 829 661 1146 701; x_wconf 83' lang='lat' dir='ltr'><strong>considerantesque,</strong></span> <span class='ocrx_word' id='word_1_116' title='bbox 1172 659 1257 700; x_wconf 89' lang='lat' dir='ltr'><strong>quod</strong></span> <span class='ocrx_word' id='word_1_117' title='bbox 1282 661 1388 690; x_wconf 88' lang='lat' dir='ltr'><strong>onmia</strong></span> <span class='ocrx_word' id='word_1_118' title='bbox 1412 660 1496 690; x_wconf 86' lang='lat' dir='ltr'><strong>bona</strong></span> <span class='ocrx_word' id='word_1_119' title='bbox 1521 666 1552 690; x_wconf 85' lang='lat' dir='ltr'><strong>et</strong></span> <span class='ocrx_word' id='word_1_120' title='bbox 1576 661 1657 699; x_wconf 85' lang='lat' dir='ltr'><strong>iura,</strong></span> <span class='ocrx_word' id='word_1_121' title='bbox 1683 661 1722 691; x_wconf 88' lang='lat' dir='ltr'><strong>de</strong></span> <span class='ocrx_word' id='word_1_122' title='bbox 1747 661 1860 702; x_wconf 88' lang='lat' dir='ltr'><strong>quibus</strong></span> 
     </span>
     <span class='ocr_line' id='line_1_19' title="bbox 210 711 1861 755; baseline -0.001 -10"><span class='ocrx_word' id='word_1_123' title='bbox 210 715 402 755; x_wconf 72' lang='lat' dir='ltr'><strong>premittitur</strong></span> <span class='ocrx_word' id='word_1_124' title='bbox 426 718 458 744; x_wconf 89' lang='lat' dir='ltr'><strong>et</strong></span> <span class='ocrx_word' id='word_1_125' title='bbox 481 713 562 744; x_wconf 87' lang='lat' dir='ltr'><strong>infra</strong></span> <span class='ocrx_word' id='word_1_126' title='bbox 586 713 759 751; x_wconf 87' lang='lat' dir='ltr'><strong>subiicitur,</strong></span> <span class='ocrx_word' id='word_1_127' title='bbox 788 712 828 743; x_wconf 82' lang='lat' dir='ltr'><strong>ad</strong></span> <span class='ocrx_word' id='word_1_128' title='bbox 853 723 977 743; x_wconf 84' lang='lat' dir='ltr'><strong>sacrum</strong></span> <span class='ocrx_word' id='word_1_129' title='bbox 1001 713 1171 752; x_wconf 85' lang='lat' dir='ltr'><strong>imperium</strong></span> <span class='ocrx_word' id='word_1_130' title='bbox 1196 711 1347 742; x_wconf 81' lang='lat' dir='ltr'><strong>devoluta</strong></span> <span class='ocrx_word' id='word_1_131' title='bbox 1370 715 1551 748; x_wconf 82' lang='lat' dir='ltr'><strong>noscuntur,</strong></span> <span class='ocrx_word' id='word_1_132' title='bbox 1576 711 1601 741; x_wconf 86' lang='lat' dir='ltr'><strong>si</strong></span> <span class='ocrx_word' id='word_1_133' title='bbox 1626 711 1711 752; x_wconf 90' lang='lat' dir='ltr'><strong>quod</strong></span> <span class='ocrx_word' id='word_1_134' title='bbox 1735 713 1766 742; x_wconf 88' lang='lat' dir='ltr'><strong>in</strong></span> <span class='ocrx_word' id='word_1_135' title='bbox 1791 723 1861 752; x_wconf 85' lang='lat' dir='ltr'><strong>pre-</strong></span> 
     </span>
     <span class='ocr_line' id='line_1_20' title="bbox 209 763 1860 805; baseline -0.001 -9"><span class='ocrx_word' id='word_1_136' title='bbox 209 765 301 796; x_wconf 82' lang='lat' dir='ltr'><strong>dictis</strong></span> <span class='ocrx_word' id='word_1_137' title='bbox 318 765 503 796; x_wconf 83' lang='lat' dir='ltr'><strong>habuissent</strong></span> <span class='ocrx_word' id='word_1_138' title='bbox 526 766 573 795; x_wconf 88' lang='lat' dir='ltr'><strong>ius</strong></span> <span class='ocrx_word' id='word_1_139' title='bbox 598 766 665 805; x_wconf 85' lang='lat' dir='ltr'><strong>ipse</strong></span> <span class='ocrx_word' id='word_1_140' title='bbox 690 775 798 794; x_wconf 90' lang='lat' dir='ltr'><strong>comes</strong></span> <span class='ocrx_word' id='word_1_141' title='bbox 815 764 865 794; x_wconf 85' lang='lat' dir='ltr'><strong>vel</strong></span> <span class='ocrx_word' id='word_1_142' title='bbox 882 763 1128 804; x_wconf 82' lang='lat' dir='ltr'><strong>predecessores</strong></span> <span class='ocrx_word' id='word_1_143' title='bbox 1152 763 1200 793; x_wconf 89' lang='lat' dir='ltr'><strong>sui</strong></span> <span class='ocrx_word' id='word_1_144' title='bbox 1224 766 1277 793; x_wconf 86' lang='lat' dir='ltr'><strong>aut</strong></span> <span class='ocrx_word' id='word_1_145' title='bbox 1302 773 1502 793; x_wconf 86' lang='lat' dir='ltr'><strong>successores</strong></span> <span class='ocrx_word' id='word_1_146' title='bbox 1527 763 1576 792; x_wconf 79' lang='lat' dir='ltr'><strong>vel</strong></span> <span class='ocrx_word' id='word_1_147' title='bbox 1594 763 1730 793; x_wconf 86' lang='lat' dir='ltr'><strong>heredes</strong></span> <span class='ocrx_word' id='word_1_148' title='bbox 1754 764 1860 804; x_wconf 79' lang='lat' dir='ltr'><strong>ipsius,</strong></span> 
     </span>
     <span class='ocr_line' id='line_1_21' title="bbox 210 813 1861 857; baseline -0.001 -10"><span class='ocrx_word' id='word_1_149' title='bbox 210 827 249 847; x_wconf 85' lang='lat' dir='ltr'><strong>ex</strong></span> <span class='ocrx_word' id='word_1_150' title='bbox 275 827 312 847; x_wconf 89' lang='lat' dir='ltr'><strong>eo</strong></span> <span class='ocrx_word' id='word_1_151' title='bbox 338 817 502 857; x_wconf 78' lang='lat' dir='ltr'><strong>precipue,</strong></span> <span class='ocrx_word' id='word_1_152' title='bbox 528 816 613 857; x_wconf 85' lang='lat' dir='ltr'><strong>quod</strong></span> <span class='ocrx_word' id='word_1_153' title='bbox 638 816 709 846; x_wconf 87' lang='lat' dir='ltr'><strong>filiis</strong></span> <span class='ocrx_word' id='word_1_154' title='bbox 734 815 895 853; x_wconf 86' lang='lat' dir='ltr'><strong>masculis,</strong></span> <span class='ocrx_word' id='word_1_155' title='bbox 927 815 967 845; x_wconf 89' lang='lat' dir='ltr'><strong>ad</strong></span> <span class='ocrx_word' id='word_1_156' title='bbox 992 825 1071 855; x_wconf 87' lang='lat' dir='ltr'><strong>quos</strong></span> <span class='ocrx_word' id='word_1_157' title='bbox 1097 815 1274 855; x_wconf 83' lang='lat' dir='ltr'><strong>potuissent</strong></span> <span class='ocrx_word' id='word_1_158' title='bbox 1298 813 1380 844; x_wconf 86' lang='lat' dir='ltr'><strong>forte</strong></span> <span class='ocrx_word' id='word_1_159' title='bbox 1405 814 1547 849; x_wconf 76' lang='lat' dir='ltr'><strong>devolvi,</strong></span> <span class='ocrx_word' id='word_1_160' title='bbox 1572 817 1681 844; x_wconf 86' lang='lat' dir='ltr'><strong>carent</strong></span> <span class='ocrx_word' id='word_1_161' title='bbox 1705 818 1736 845; x_wconf 85' lang='lat' dir='ltr'><strong>et</strong></span> <span class='ocrx_word' id='word_1_162' title='bbox 1760 816 1861 845; x_wconf 86' lang='lat' dir='ltr'><strong>eciam</strong></span> 
     </span>
     <span class='ocr_line' id='line_1_22' title="bbox 210 865 1862 907; baseline -0.001 -9"><span class='ocrx_word' id='word_1_163' title='bbox 210 871 388 904; x_wconf 81' lang='lat' dir='ltr'><strong>caruerunt,</strong></span> <span class='ocrx_word' id='word_1_164' title='bbox 413 872 445 898; x_wconf 91' lang='lat' dir='ltr'><strong>et</strong></span> <span class='ocrx_word' id='word_1_165' title='bbox 469 868 495 898; x_wconf 86' lang='lat' dir='ltr'><strong>si</strong></span> <span class='ocrx_word' id='word_1_166' title='bbox 512 867 593 898; x_wconf 90' lang='lat' dir='ltr'><strong>forte</strong></span> <span class='ocrx_word' id='word_1_167' title='bbox 619 878 659 897; x_wconf 80' lang='lat' dir='ltr'><strong>ex</strong></span> <span class='ocrx_word' id='word_1_168' title='bbox 683 867 790 907; x_wconf 83' lang='lat' dir='ltr'><strong>aliqua</strong></span> <span class='ocrx_word' id='word_1_169' title='bbox 815 867 1019 896; x_wconf 82' lang='lat' dir='ltr'><strong>concessione</strong></span> <span class='ocrx_word' id='word_1_170' title='bbox 1044 866 1074 895; x_wconf 91' lang='lat' dir='ltr'><strong>in</strong></span> <span class='ocrx_word' id='word_1_171' title='bbox 1092 865 1298 895; x_wconf 69' lang='lat' dir='ltr'><strong>femininum⁰</strong></span> <span class='ocrx_word' id='word_1_172' title='bbox 1322 875 1432 896; x_wconf 86' lang='lat' dir='ltr'><strong>sexum</strong></span> <span class='ocrx_word' id='word_1_173' title='bbox 1458 865 1688 905; x_wconf 85' lang='lat' dir='ltr'><strong>pretenderent</strong></span> <span class='ocrx_word' id='word_1_174' title='bbox 1705 865 1862 905; x_wconf 74' lang='lat' dir='ltr'><strong>habuisse,</strong></span> 
     </span>
     <span class='ocr_line' id='line_1_23' title="bbox 209 916 1864 960; baseline -0.002 -10"><span class='ocrx_word' id='word_1_175' title='bbox 209 929 266 960; x_wconf 87' lang='lat' dir='ltr'><strong>per</strong></span> <span class='ocrx_word' id='word_1_176' title='bbox 289 919 375 960; x_wconf 87' lang='lat' dir='ltr'><strong>quod</strong></span> <span class='ocrx_word' id='word_1_177' title='bbox 400 929 433 950; x_wconf 85' lang='lat' dir='ltr'><strong>se</strong></span> <span class='ocrx_word' id='word_1_178' title='bbox 458 919 587 959; x_wconf 81' lang='lat' dir='ltr'><strong>aliquod</strong></span> <span class='ocrx_word' id='word_1_179' title='bbox 612 920 659 948; x_wconf 89' lang='lat' dir='ltr'><strong>ius</strong></span> <span class='ocrx_word' id='word_1_180' title='bbox 684 917 802 948; x_wconf 86' lang='lat' dir='ltr'><strong>habere</strong></span> <span class='ocrx_word' id='word_1_181' title='bbox 828 917 947 947; x_wconf 87' lang='lat' dir='ltr'><strong>vellent</strong></span> <span class='ocrx_word' id='word_1_182' title='bbox 971 926 1126 951; x_wconf 73' lang='lat' dir='ltr'><strong>asserere,</strong></span> <span class='ocrx_word' id='word_1_183' title='bbox 1151 916 1190 947; x_wconf 88' lang='lat' dir='ltr'><strong>de</strong></span> <span class='ocrx_word' id='word_1_184' title='bbox 1216 916 1268 946; x_wconf 89' lang='lat' dir='ltr'><strong>illo</strong></span> <span class='ocrx_word' id='word_1_185' title='bbox 1294 920 1400 947; x_wconf 87' lang='lat' dir='ltr'><strong>tamen</strong></span> <span class='ocrx_word' id='word_1_186' title='bbox 1425 917 1502 955; x_wconf 85' lang='lat' dir='ltr'><strong>iure,</strong></span> <span class='ocrx_word' id='word_1_187' title='bbox 1527 917 1553 946; x_wconf 88' lang='lat' dir='ltr'><strong>si</strong></span> <span class='ocrx_word' id='word_1_188' title='bbox 1578 917 1663 957; x_wconf 88' lang='lat' dir='ltr'><strong>quod</strong></span> <span class='ocrx_word' id='word_1_189' title='bbox 1687 918 1864 958; x_wconf 83' lang='lat' dir='ltr'><strong>potuissent</strong></span> 
     </span>
     <span class='ocr_line' id='line_1_24' title="bbox 209 968 1863 1011; baseline -0.001 -10"><span class='ocrx_word' id='word_1_190' title='bbox 209 971 429 1011; x_wconf 85' lang='lat' dir='ltr'><strong>acquisivisse,</strong></span> <span class='ocrx_word' id='word_1_191' title='bbox 462 974 585 1001; x_wconf 85' lang='lat' dir='ltr'><strong>constat</strong></span> <span class='ocrx_word' id='word_1_192' title='bbox 609 980 664 1000; x_wconf 85' lang='lat' dir='ltr'><strong>eos</strong></span> <span class='ocrx_word' id='word_1_193' title='bbox 689 979 758 1000; x_wconf 82' lang='lat' dir='ltr'><strong>esse</strong></span> <span class='ocrx_word' id='word_1_194' title='bbox 783 970 923 1010; x_wconf 81' lang='lat' dir='ltr'><strong>privatos</strong></span> <span class='ocrx_word' id='word_1_195' title='bbox 948 972 1078 1009; x_wconf 89' lang='lat' dir='ltr'><strong>propter</strong></span> <span class='ocrx_word' id='word_1_196' title='bbox 1102 969 1233 999; x_wconf 86' lang='lat' dir='ltr'><strong>crimina</strong></span> <span class='ocrx_word' id='word_1_197' title='bbox 1258 972 1289 998; x_wconf 87' lang='lat' dir='ltr'><strong>et</strong></span> <span class='ocrx_word' id='word_1_198' title='bbox 1313 971 1452 1005; x_wconf 84' lang='lat' dir='ltr'><strong>reatum,</strong></span> <span class='ocrx_word' id='word_1_199' title='bbox 1478 978 1540 1008; x_wconf 86' lang='lat' dir='ltr'><strong>que</strong></span> <span class='ocrx_word' id='word_1_200' title='bbox 1566 972 1597 998; x_wconf 84' lang='lat' dir='ltr'><strong>et</strong></span> <span class='ocrx_word' id='word_1_201' title='bbox 1622 968 1719 1008; x_wconf 73' lang='lat' dir='ltr'><strong>quoss</strong></span> <span class='ocrx_word' id='word_1_202' title='bbox 1741 969 1863 999; x_wconf 85' lang='lat' dir='ltr'><strong>notorie</strong></span> 
     </span>
     <span class='ocr_line' id='line_1_25' title="bbox 210 1019 1864 1061; baseline -0.002 -9"><span class='ocrx_word' id='word_1_203' title='bbox 210 1022 451 1060; x_wconf 85' lang='lat' dir='ltr'><strong>commiserunt,</strong></span> <span class='ocrx_word' id='word_1_204' title='bbox 485 1025 517 1052; x_wconf 85' lang='lat' dir='ltr'><strong>et</strong></span> <span class='ocrx_word' id='word_1_205' title='bbox 540 1022 680 1051; x_wconf 82' lang='lat' dir='ltr'><strong>maxime</strong></span> <span class='ocrx_word' id='word_1_206' title='bbox 705 1024 837 1061; x_wconf 86' lang='lat' dir='ltr'><strong>propter</strong></span> <span class='ocrx_word' id='word_1_207' title='bbox 860 1020 1052 1051; x_wconf 80' lang='lat' dir='ltr'><strong>adulterium</strong></span> <span class='ocrx_word' id='word_1_208' title='bbox 1085 1026 1116 1049; x_wconf 86' lang='lat' dir='ltr'><strong>et</strong></span> <span class='ocrx_word' id='word_1_209' title='bbox 1141 1020 1310 1055; x_wconf 85' lang='lat' dir='ltr'><strong>incestum,</strong></span> <span class='ocrx_word' id='word_1_210' title='bbox 1342 1019 1427 1059; x_wconf 89' lang='lat' dir='ltr'><strong>quod</strong></span> <span class='ocrx_word' id='word_1_211' title='bbox 1457 1023 1488 1050; x_wconf 87' lang='lat' dir='ltr'><strong>et</strong></span> <span class='ocrx_word' id='word_1_212' title='bbox 1512 1030 1573 1060; x_wconf 89' lang='lat' dir='ltr'><strong>que</strong></span> <span class='ocrx_word' id='word_1_213' title='bbox 1598 1019 1772 1059; x_wconf 75' lang='lat' dir='ltr'><strong>Margarita</strong></span> <span class='ocrx_word' id='word_1_214' title='bbox 1800 1020 1864 1050; x_wconf 83' lang='lat' dir='ltr'><strong>tilia</strong></span> 
     </span>
     <span class='ocr_line' id='line_1_26' title="bbox 211 1070 1863 1112; baseline 0 -11"><span class='ocrx_word' id='word_1_215' title='bbox 211 1074 285 1103; x_wconf 85' lang='lat' dir='ltr'><strong>olim</strong></span> <span class='ocrx_word' id='word_1_216' title='bbox 303 1072 433 1103; x_wconf 89' lang='lat' dir='ltr'><strong>Henrici</strong></span> <span class='ocrx_word' id='word_1_217' title='bbox 451 1073 575 1103; x_wconf 88' lang='lat' dir='ltr'><strong>comitis</strong></span> <span class='ocrx_word' id='word_1_218' title='bbox 592 1072 774 1112; x_wconf 76' lang='lat' dir='ltr'><strong>Tyrolensis</strong></span> <span class='ocrx_word' id='word_1_219' title='bbox 791 1073 949 1102; x_wconf 82' lang='lat' dir='ltr'><strong>commisit</strong></span> <span class='ocrx_word' id='word_1_220' title='bbox 973 1075 1005 1101; x_wconf 79' lang='lat' dir='ltr'><strong>et</strong></span> <span class='ocrx_word' id='word_1_221' title='bbox 1029 1071 1198 1101; x_wconf 84' lang='lat' dir='ltr'><strong>committit</strong></span> <span class='ocrx_word' id='word_1_222' title='bbox 1215 1070 1371 1111; x_wconf 85' lang='lat' dir='ltr'><strong>quottidie</strong></span> <span class='ocrx_word' id='word_1_223' title='bbox 1396 1081 1466 1101; x_wconf 83' lang='lat' dir='ltr'><strong>cum</strong></span> <span class='ocrx_word' id='word_1_224' title='bbox 1486 1070 1649 1101; x_wconf 88' lang='lat' dir='ltr'><strong>Ludovico</strong></span> <span class='ocrx_word' id='word_1_225' title='bbox 1675 1071 1738 1101; x_wconf 88' lang='lat' dir='ltr'><strong>filio</strong></span> <span class='ocrx_word' id='word_1_226' title='bbox 1755 1071 1863 1101; x_wconf 87' lang='lat' dir='ltr'><strong>Ludo-</strong></span> 
     </span>
     <span class='ocr_line' id='line_1_27' title="bbox 210 1122 1863 1164; baseline -0.001 -10"><span class='ocrx_word' id='word_1_227' title='bbox 210 1124 270 1154; x_wconf 86' lang='lat' dir='ltr'><strong>vici</strong></span> <span class='ocrx_word' id='word_1_228' title='bbox 295 1123 334 1155; x_wconf 84' lang='lat' dir='ltr'><strong>de</strong></span> <span class='ocrx_word' id='word_1_229' title='bbox 358 1124 496 1154; x_wconf 80' lang='lat' dir='ltr'><strong>Bavaria</strong></span> <span class='ocrx_word' id='word_1_230' title='bbox 528 1124 558 1153; x_wconf 93' lang='lat' dir='ltr'><strong>in</strong></span> <span class='ocrx_word' id='word_1_231' title='bbox 589 1125 636 1153; x_wconf 87' lang='lat' dir='ltr'><strong>sni</strong></span> <span class='ocrx_word' id='word_1_232' title='bbox 667 1123 873 1164; x_wconf 87' lang='lat' dir='ltr'><strong>obprobrium</strong></span> <span class='ocrx_word' id='word_1_233' title='bbox 908 1127 939 1153; x_wconf 87' lang='lat' dir='ltr'><strong>et</strong></span> <span class='ocrx_word' id='word_1_234' title='bbox 964 1123 1187 1153; x_wconf 77' lang='lat' dir='ltr'><strong>verecundiam</strong></span> <span class='ocrx_word' id='word_1_235' title='bbox 1212 1123 1430 1157; x_wconf 73' lang='lat' dir='ltr'><strong>manifestam,</strong></span> <span class='ocrx_word' id='word_1_236' title='bbox 1463 1126 1493 1151; x_wconf 85' lang='lat' dir='ltr'><strong>tc</strong></span> <span class='ocrx_word' id='word_1_237' title='bbox 1518 1122 1753 1162; x_wconf 78' lang='lat' dir='ltr'><strong>ecclesiamque</strong></span> <span class='ocrx_word' id='word_1_238' title='bbox 1778 1127 1863 1153; x_wconf 78' lang='lat' dir='ltr'><strong>tuam</strong></span> 
     </span>
     <span class='ocr_line' id='line_1_28' title="bbox 211 1173 1862 1216; baseline -0.001 -11"><span class='ocrx_word' id='word_1_239' title='bbox 211 1175 386 1216; x_wconf 84' lang='lat' dir='ltr'><strong>predictam</strong></span> <span class='ocrx_word' id='word_1_240' title='bbox 411 1186 430 1205; x_wconf 90' lang='lat' dir='ltr'><strong>a</strong></span> <span class='ocrx_word' id='word_1_241' title='bbox 446 1175 691 1215; x_wconf 80' lang='lat' dir='ltr'><strong>spoliationibus</strong></span> <span class='ocrx_word' id='word_1_242' title='bbox 708 1174 897 1215; x_wconf 84' lang='lat' dir='ltr'><strong>supradietis</strong></span> <span class='ocrx_word' id='word_1_243' title='bbox 922 1175 951 1204; x_wconf 87' lang='lat' dir='ltr'><strong>in</strong></span> <span class='ocrx_word' id='word_1_244' title='bbox 969 1175 1126 1214; x_wconf 83' lang='lat' dir='ltr'><strong>integrum</strong></span> <span class='ocrx_word' id='word_1_245' title='bbox 1145 1174 1349 1211; x_wconf 77' lang='lat' dir='ltr'><strong>restituimus,</strong></span> <span class='ocrx_word' id='word_1_246' title='bbox 1375 1173 1564 1203; x_wconf 79' lang='lat' dir='ltr'><strong>reducentes</strong></span> <span class='ocrx_word' id='word_1_247' title='bbox 1589 1176 1619 1203; x_wconf 88' lang='lat' dir='ltr'><strong>te</strong></span> <span class='ocrx_word' id='word_1_248' title='bbox 1645 1177 1677 1203; x_wconf 90' lang='lat' dir='ltr'><strong>et</strong></span> <span class='ocrx_word' id='word_1_249' title='bbox 1694 1173 1862 1204; x_wconf 85' lang='lat' dir='ltr'><strong>ecclesiam</strong></span> 
     </span>
     <span class='ocr_line' id='line_1_29' title="bbox 211 1225 1862 1267; baseline -0.001 -10"><span class='ocrx_word' id='word_1_250' title='bbox 211 1226 427 1267; x_wconf 81' lang='lat' dir='ltr'><strong>supradictam</strong></span> <span class='ocrx_word' id='word_1_251' title='bbox 451 1227 482 1256; x_wconf 91' lang='lat' dir='ltr'><strong>in</strong></span> <span class='ocrx_word' id='word_1_252' title='bbox 499 1226 677 1267; x_wconf 81' lang='lat' dir='ltr'><strong>plenariam</strong></span> <span class='ocrx_word' id='word_1_253' title='bbox 702 1227 841 1267; x_wconf 80' lang='lat' dir='ltr'><strong>ipsarum</strong></span> <span class='ocrx_word' id='word_1_254' title='bbox 866 1236 970 1256; x_wconf 81' lang='lat' dir='ltr'><strong>rerum</strong></span> <span class='ocrx_word' id='word_1_255' title='bbox 996 1229 1027 1256; x_wconf 79' lang='lat' dir='ltr'><strong>et</strong></span> <span class='ocrx_word' id='word_1_256' title='bbox 1044 1225 1198 1255; x_wconf 85' lang='lat' dir='ltr'><strong>bonorum</strong></span> <span class='ocrx_word' id='word_1_257' title='bbox 1218 1225 1488 1265; x_wconf 62' lang='lat' dir='ltr'><strong>infrascriptmaim</strong></span> <span class='ocrx_word' id='word_1_258' title='bbox 1518 1226 1752 1265; x_wconf 85' lang='lat' dir='ltr'><strong>possessionem</strong></span> <span class='ocrx_word' id='word_1_259' title='bbox 1778 1226 1862 1255; x_wconf 90' lang='lat' dir='ltr'><strong>omni</strong></span> 
     </span>
     <span class='ocr_line' id='line_1_30' title="bbox 211 1276 1863 1318; baseline -0.002 -10"><span class='ocrx_word' id='word_1_260' title='bbox 211 1279 287 1317; x_wconf 86' lang='lat' dir='ltr'><strong>iure,</strong></span> <span class='ocrx_word' id='word_1_261' title='bbox 310 1288 372 1318; x_wconf 91' lang='lat' dir='ltr'><strong>quo</strong></span> <span class='ocrx_word' id='word_1_262' title='bbox 390 1278 504 1308; x_wconf 87' lang='lat' dir='ltr'><strong>melius</strong></span> <span class='ocrx_word' id='word_1_263' title='bbox 522 1288 698 1318; x_wconf 86' lang='lat' dir='ltr'><strong>possumus,</strong></span> <span class='ocrx_word' id='word_1_264' title='bbox 725 1281 757 1308; x_wconf 85' lang='lat' dir='ltr'><strong>et</strong></span> <span class='ocrx_word' id='word_1_265' title='bbox 774 1289 813 1308; x_wconf 88' lang='lat' dir='ltr'><strong>ex</strong></span> <span class='ocrx_word' id='word_1_266' title='bbox 832 1281 938 1307; x_wconf 79' lang='lat' dir='ltr'><strong>nostre</strong></span> <span class='ocrx_word' id='word_1_267' title='bbox 955 1277 1153 1318; x_wconf 84' lang='lat' dir='ltr'><strong>plenitudine</strong></span> <span class='ocrx_word' id='word_1_268' title='bbox 1172 1277 1340 1317; x_wconf 83' lang='lat' dir='ltr'><strong>potestatis</strong></span> <span class='ocrx_word' id='word_1_269' title='bbox 1357 1276 1581 1306; x_wconf 81' lang='lat' dir='ltr'><strong>confirmantes</strong></span> <span class='ocrx_word' id='word_1_270' title='bbox 1599 1284 1631 1306; x_wconf 84' lang='lat' dir='ltr'><strong>et</strong></span> <span class='ocrx_word' id='word_1_271' title='bbox 1647 1276 1863 1316; x_wconf 73' lang='lat' dir='ltr'><strong>approbantes</strong></span> 
     </span>
     <span class='ocr_line' id='line_1_31' title="bbox 211 1327 1863 1370; baseline -0.001 -11"><span class='ocrx_word' id='word_1_272' title='bbox 211 1330 316 1360; x_wconf 84' lang='lat' dir='ltr'><strong>onmia</strong></span> <span class='ocrx_word' id='word_1_273' title='bbox 331 1329 594 1370; x_wconf 79' lang='lat' dir='ltr'><strong>predecessorum</strong></span> <span class='ocrx_word' id='word_1_274' title='bbox 612 1333 790 1360; x_wconf 83' lang='lat' dir='ltr'><strong>nostrorum</strong></span> <span class='ocrx_word' id='word_1_275' title='bbox 809 1329 975 1369; x_wconf 79' lang='lat' dir='ltr'><strong>privilegia</strong></span> <span class='ocrx_word' id='word_1_276' title='bbox 990 1328 1268 1369; x_wconf 74' lang='lat' dir='ltr'><strong>predecessoribus</strong></span> <span class='ocrx_word' id='word_1_277' title='bbox 1286 1329 1346 1358; x_wconf 89' lang='lat' dir='ltr'><strong>tuis</strong></span> <span class='ocrx_word' id='word_1_278' title='bbox 1363 1333 1395 1358; x_wconf 87' lang='lat' dir='ltr'><strong>et</strong></span> <span class='ocrx_word' id='word_1_279' title='bbox 1412 1328 1547 1358; x_wconf 83' lang='lat' dir='ltr'><strong>ecclesie</strong></span> <span class='ocrx_word' id='word_1_280' title='bbox 1563 1328 1724 1358; x_wconf 82' lang='lat' dir='ltr'><strong>antedicto</strong></span> <span class='ocrx_word' id='word_1_281' title='bbox 1741 1327 1863 1358; x_wconf 85' lang='lat' dir='ltr'><strong>indulta</strong></span> 
     </span>
     <span class='ocr_line' id='line_1_32' title="bbox 210 1379 1861 1422; baseline -0.001 -12"><span class='ocrx_word' id='word_1_282' title='bbox 210 1391 306 1421; x_wconf 87' lang='lat' dir='ltr'><strong>super</strong></span> <span class='ocrx_word' id='word_1_283' title='bbox 329 1381 404 1421; x_wconf 85' lang='lat' dir='ltr'><strong>ipsis</strong></span> <span class='ocrx_word' id='word_1_284' title='bbox 429 1380 520 1411; x_wconf 89' lang='lat' dir='ltr'><strong>bonis</strong></span> <span class='ocrx_word' id='word_1_285' title='bbox 537 1381 585 1411; x_wconf 81' lang='lat' dir='ltr'><strong>vel</strong></span> <span class='ocrx_word' id='word_1_286' title='bbox 611 1380 718 1422; x_wconf 87' lang='lat' dir='ltr'><strong>aliquo</strong></span> <span class='ocrx_word' id='word_1_287' title='bbox 743 1380 928 1411; x_wconf 85' lang='lat' dir='ltr'><strong>eorundem.</strong></span> <span class='ocrx_word' id='word_1_288' title='bbox 968 1380 1058 1410; x_wconf 82' lang='lat' dir='ltr'><strong>Bona</strong></span> <span class='ocrx_word' id='word_1_289' title='bbox 1076 1391 1160 1419; x_wconf 84' lang='lat' dir='ltr'><strong>vero,</strong></span> <span class='ocrx_word' id='word_1_290' title='bbox 1186 1380 1226 1410; x_wconf 83' lang='lat' dir='ltr'><strong>ad</strong></span> <span class='ocrx_word' id='word_1_291' title='bbox 1252 1391 1312 1420; x_wconf 86' lang='lat' dir='ltr'><strong>que</strong></span> <span class='ocrx_word' id='word_1_292' title='bbox 1337 1384 1367 1409; x_wconf 87' lang='lat' dir='ltr'><strong>te</strong></span> <span class='ocrx_word' id='word_1_293' title='bbox 1393 1384 1424 1410; x_wconf 85' lang='lat' dir='ltr'><strong>ot</strong></span> <span class='ocrx_word' id='word_1_294' title='bbox 1441 1379 1557 1409; x_wconf 84' lang='lat' dir='ltr'><strong>dictam</strong></span> <span class='ocrx_word' id='word_1_295' title='bbox 1583 1382 1669 1409; x_wconf 88' lang='lat' dir='ltr'><strong>tuam</strong></span> <span class='ocrx_word' id='word_1_296' title='bbox 1695 1379 1861 1409; x_wconf 82' lang='lat' dir='ltr'><strong>eeclesiam</strong></span> 
     </span>
     <span class='ocr_line' id='line_1_33' title="bbox 210 1430 1862 1473; baseline -0.001 -11"><span class='ocrx_word' id='word_1_297' title='bbox 210 1432 241 1462; x_wconf 91' lang='lat' dir='ltr'><strong>in</strong></span> <span class='ocrx_word' id='word_1_298' title='bbox 264 1433 423 1473; x_wconf 86' lang='lat' dir='ltr'><strong>integrum</strong></span> <span class='ocrx_word' id='word_1_299' title='bbox 449 1432 643 1462; x_wconf 81' lang='lat' dir='ltr'><strong>restituimus</strong></span> <span class='ocrx_word' id='word_1_300' title='bbox 668 1435 699 1463; x_wconf 84' lang='lat' dir='ltr'><strong>et</strong></span> <span class='ocrx_word' id='word_1_301' title='bbox 724 1433 752 1462; x_wconf 90' lang='lat' dir='ltr'><strong>in</strong></span> <span class='ocrx_word' id='word_1_302' title='bbox 781 1443 915 1473; x_wconf 84' lang='lat' dir='ltr'><strong>quorum</strong></span> <span class='ocrx_word' id='word_1_303' title='bbox 934 1433 1167 1472; x_wconf 84' lang='lat' dir='ltr'><strong>possessionem</strong></span> <span class='ocrx_word' id='word_1_304' title='bbox 1192 1435 1223 1462; x_wconf 90' lang='lat' dir='ltr'><strong>te</strong></span> <span class='ocrx_word' id='word_1_305' title='bbox 1245 1431 1445 1471; x_wconf 81' lang='lat' dir='ltr'><strong>eandemque</strong></span> <span class='ocrx_word' id='word_1_306' title='bbox 1471 1430 1639 1460; x_wconf 85' lang='lat' dir='ltr'><strong>ecclesiam</strong></span> <span class='ocrx_word' id='word_1_307' title='bbox 1659 1434 1744 1461; x_wconf 88' lang='lat' dir='ltr'><strong>tuam</strong></span> <span class='ocrx_word' id='word_1_308' title='bbox 1769 1430 1862 1461; x_wconf 86' lang='lat' dir='ltr'><strong>redu-</strong></span> 
     </span>
     <span class='ocr_line' id='line_1_34' title="bbox 211 1482 1862 1524; baseline 0 -12"><span class='ocrx_word' id='word_1_309' title='bbox 211 1483 325 1521; x_wconf 82' lang='lat' dir='ltr'><strong>cimus,</strong></span> <span class='ocrx_word' id='word_1_310' title='bbox 353 1487 424 1513; x_wconf 82' lang='lat' dir='ltr'><strong>sunt</strong></span> <span class='ocrx_word' id='word_1_311' title='bbox 448 1483 520 1513; x_wconf 85' lang='lat' dir='ltr'><strong>hec:</strong></span> <span class='ocrx_word' id='word_1_312' title='bbox 562 1484 597 1513; x_wconf 91' lang='lat' dir='ltr'><strong>In</strong></span> <span class='ocrx_word' id='word_1_313' title='bbox 622 1484 730 1523; x_wconf 83' lang='lat' dir='ltr'><strong>primis</strong></span> <span class='ocrx_word' id='word_1_314' title='bbox 756 1484 884 1524; x_wconf 83' lang='lat' dir='ltr'><strong>quidem</strong></span> <span class='ocrx_word' id='word_1_315' title='bbox 909 1484 1082 1514; x_wconf 82' lang='lat' dir='ltr'><strong>iurisdictio</strong></span> <span class='ocrx_word' id='word_1_316' title='bbox 1112 1483 1212 1513; x_wconf 86' lang='lat' dir='ltr'><strong>civilis</strong></span> <span class='ocrx_word' id='word_1_317' title='bbox 1241 1487 1273 1513; x_wconf 82' lang='lat' dir='ltr'><strong>ct</strong></span> <span class='ocrx_word' id='word_1_318' title='bbox 1297 1483 1393 1513; x_wconf 87' lang='lat' dir='ltr'><strong>etiam</strong></span> <span class='ocrx_word' id='word_1_319' title='bbox 1420 1482 1591 1512; x_wconf 84' lang='lat' dir='ltr'><strong>criminalis</strong></span> <span class='ocrx_word' id='word_1_320' title='bbox 1615 1492 1671 1522; x_wconf 86' lang='lat' dir='ltr'><strong>pro</strong></span> <span class='ocrx_word' id='word_1_321' title='bbox 1701 1492 1739 1512; x_wconf 79' lang='lat' dir='ltr'><strong>ea</strong></span> <span class='ocrx_word' id='word_1_322' title='bbox 1762 1486 1862 1523; x_wconf 84' lang='lat' dir='ltr'><strong>parte,</strong></span> 
     </span>
     <span class='ocr_line' id='line_1_35' title="bbox 210 1533 1863 1575; baseline -0.001 -10"><span class='ocrx_word' id='word_1_323' title='bbox 210 1545 267 1575; x_wconf 87' lang='lat' dir='ltr'><strong>pro</strong></span> <span class='ocrx_word' id='word_1_324' title='bbox 293 1545 355 1575; x_wconf 80' lang='lat' dir='ltr'><strong>qua</strong></span> <span class='ocrx_word' id='word_1_325' title='bbox 379 1535 447 1574; x_wconf 83' lang='lat' dir='ltr'><strong>ipsa</strong></span> <span class='ocrx_word' id='word_1_326' title='bbox 472 1535 642 1565; x_wconf 83' lang='lat' dir='ltr'><strong>criminalis</strong></span> <span class='ocrx_word' id='word_1_327' title='bbox 666 1535 706 1565; x_wconf 85' lang='lat' dir='ltr'><strong>ad</strong></span> <span class='ocrx_word' id='word_1_328' title='bbox 733 1539 762 1565; x_wconf 83' lang='lat' dir='ltr'><strong>te</strong></span> <span class='ocrx_word' id='word_1_329' title='bbox 788 1539 820 1565; x_wconf 85' lang='lat' dir='ltr'><strong>et</strong></span> <span class='ocrx_word' id='word_1_330' title='bbox 843 1535 1011 1565; x_wconf 84' lang='lat' dir='ltr'><strong>ecclesiam</strong></span> <span class='ocrx_word' id='word_1_331' title='bbox 1038 1540 1124 1565; x_wconf 80' lang='lat' dir='ltr'><strong>tuam</strong></span> <span class='ocrx_word' id='word_1_332' title='bbox 1149 1538 1294 1574; x_wconf 77' lang='lat' dir='ltr'><strong>spectare</strong></span> <span class='ocrx_word' id='word_1_333' title='bbox 1320 1533 1504 1573; x_wconf 81' lang='lat' dir='ltr'><strong>dinoscitur,</strong></span> <span class='ocrx_word' id='word_1_334' title='bbox 1530 1533 1671 1574; x_wconf 86' lang='lat' dir='ltr'><strong>plebium</strong></span> <span class='ocrx_word' id='word_1_335' title='bbox 1688 1533 1806 1563; x_wconf 80' lang='lat' dir='ltr'><strong>Bozani</strong></span> <span class='ocrx_word' id='word_1_336' title='bbox 1832 1536 1863 1563; x_wconf 88' lang='lat' dir='ltr'><strong>ct</strong></span> 
     </span>
     <span class='ocr_line' id='line_1_36' title="bbox 210 1585 1862 1626; baseline -0.001 -10"><span class='ocrx_word' id='word_1_337' title='bbox 210 1586 322 1621; x_wconf 85' lang='lat' dir='ltr'><strong>Kelrc,</strong></span> <span class='ocrx_word' id='word_1_338' title='bbox 355 1587 470 1616; x_wconf 87' lang='lat' dir='ltr'><strong>montis</strong></span> <span class='ocrx_word' id='word_1_339' title='bbox 494 1586 614 1616; x_wconf 77' lang='lat' dir='ltr'><strong>Rittine</strong></span> <span class='ocrx_word' id='word_1_340' title='bbox 645 1590 677 1616; x_wconf 86' lang='lat' dir='ltr'><strong>et</strong></span> <span class='ocrx_word' id='word_1_341' title='bbox 705 1587 821 1616; x_wconf 82' lang='lat' dir='ltr'><strong>montis</strong></span> <span class='ocrx_word' id='word_1_342' title='bbox 845 1586 884 1617; x_wconf 84' lang='lat' dir='ltr'><strong>(le</strong></span> <span class='ocrx_word' id='word_1_343' title='bbox 902 1586 1085 1616; x_wconf 71' lang='lat' dir='ltr'><strong>Villandcrs</strong></span> <span class='ocrx_word' id='word_1_344' title='bbox 1109 1597 1208 1626; x_wconf 78' lang='lat' dir='ltr'><strong>usque</strong></span> <span class='ocrx_word' id='word_1_345' title='bbox 1239 1585 1278 1615; x_wconf 81' lang='lat' dir='ltr'><strong>ad</strong></span> <span class='ocrx_word' id='word_1_346' title='bbox 1304 1595 1419 1626; x_wconf 86' lang='lat' dir='ltr'><strong>aquam</strong></span> <span class='ocrx_word' id='word_1_347' title='bbox 1446 1585 1548 1615; x_wconf 85' lang='lat' dir='ltr'><strong>Thine</strong></span> <span class='ocrx_word' id='word_1_348' title='bbox 1577 1595 1595 1614; x_wconf 89' lang='lat' dir='ltr'><strong>a</strong></span> <span class='ocrx_word' id='word_1_349' title='bbox 1620 1588 1709 1624; x_wconf 85' lang='lat' dir='ltr'><strong>parte</strong></span> <span class='ocrx_word' id='word_1_350' title='bbox 1735 1588 1862 1625; x_wconf 89' lang='lat' dir='ltr'><strong>septen-</strong></span> 
     </span>
     <span class='ocr_line' id='line_1_37' title="bbox 211 1636 1862 1678; baseline -0.001 -11"><span class='ocrx_word' id='word_1_351' title='bbox 211 1638 335 1671; x_wconf 76' lang='lat' dir='ltr'><strong>trionis,</strong></span> <span class='ocrx_word' id='word_1_352' title='bbox 370 1641 401 1667; x_wconf 71' lang='grc'><strong>01</strong></span> <span class='ocrx_word' id='word_1_353' title='bbox 431 1648 449 1667; x_wconf 88' lang='lat' dir='ltr'><strong>a</strong></span> <span class='ocrx_word' id='word_1_354' title='bbox 479 1642 568 1678; x_wconf 84' lang='lat' dir='ltr'><strong>parte</strong></span> <span class='ocrx_word' id='word_1_355' title='bbox 600 1637 746 1668; x_wconf 86' lang='lat' dir='ltr'><strong>meridiei</strong></span> <span class='ocrx_word' id='word_1_356' title='bbox 776 1648 876 1678; x_wconf 82' lang='lat' dir='ltr'><strong>usque</strong></span> <span class='ocrx_word' id='word_1_357' title='bbox 907 1637 946 1668; x_wconf 84' lang='lat' dir='ltr'><strong>ad</strong></span> <span class='ocrx_word' id='word_1_358' title='bbox 976 1648 1091 1678; x_wconf 83' lang='lat' dir='ltr'><strong>aquam</strong></span> <span class='ocrx_word' id='word_1_359' title='bbox 1118 1648 1179 1678; x_wconf 78' lang='lat' dir='ltr'><strong>que</strong></span> <span class='ocrx_word' id='word_1_360' title='bbox 1205 1642 1335 1667; x_wconf 82' lang='lat' dir='ltr'><strong>vocatur</strong></span> <span class='ocrx_word' id='word_1_361' title='bbox 1359 1637 1422 1666; x_wconf 86' lang='lat' dir='ltr'><strong>Pro</strong></span> <span class='ocrx_word' id='word_1_362' title='bbox 1454 1646 1510 1666; x_wconf 86' lang='lat' dir='ltr'><strong>seu</strong></span> <span class='ocrx_word' id='word_1_363' title='bbox 1536 1636 1629 1676; x_wconf 66' lang='lat' dir='ltr'><strong>l&#39;ray,</strong></span> <span class='ocrx_word' id='word_1_364' title='bbox 1663 1640 1694 1665; x_wconf 84' lang='lat' dir='ltr'><strong>et</strong></span> <span class='ocrx_word' id='word_1_365' title='bbox 1724 1647 1741 1665; x_wconf 82' lang='lat' dir='ltr'><strong>a</strong></span> <span class='ocrx_word' id='word_1_366' title='bbox 1772 1641 1862 1676; x_wconf 86' lang='lat' dir='ltr'><strong>parte</strong></span> 
     </span>
     <span class='ocr_line' id='line_1_38' title="bbox 210 1687 1863 1729; baseline -0.001 -11"><span class='ocrx_word' id='word_1_367' title='bbox 210 1688 400 1718; x_wconf 82' lang='lat' dir='ltr'><strong>occidentali</strong></span> <span class='ocrx_word' id='word_1_368' title='bbox 424 1699 523 1729; x_wconf 82' lang='lat' dir='ltr'><strong>usque</strong></span> <span class='ocrx_word' id='word_1_369' title='bbox 548 1688 587 1718; x_wconf 85' lang='lat' dir='ltr'><strong>ad</strong></span> <span class='ocrx_word' id='word_1_370' title='bbox 613 1689 729 1718; x_wconf 78' lang='lat' dir='ltr'><strong>flumen</strong></span> <span class='ocrx_word' id='word_1_371' title='bbox 754 1690 875 1718; x_wconf 76' lang='lat' dir='ltr'><strong>Attasis</strong></span> <span class='ocrx_word' id='word_1_372' title='bbox 900 1699 1008 1719; x_wconf 80' lang='lat' dir='ltr'><strong>versus</strong></span> <span class='ocrx_word' id='word_1_373' title='bbox 1034 1689 1223 1729; x_wconf 74' lang='lat' dir='ltr'><strong>Eppianum,</strong></span> <span class='ocrx_word' id='word_1_374' title='bbox 1252 1698 1322 1718; x_wconf 91' lang='grc'><strong>011111</strong></span> <span class='ocrx_word' id='word_1_375' title='bbox 1348 1687 1520 1717; x_wconf 71' lang='lat' dir='ltr'><strong>theoloneo</strong></span> <span class='ocrx_word' id='word_1_376' title='bbox 1538 1688 1603 1717; x_wconf 82' lang='lat' dir='ltr'><strong>sive</strong></span> <span class='ocrx_word' id='word_1_377' title='bbox 1628 1691 1716 1717; x_wconf 83' lang='lat' dir='ltr'><strong>muta</strong></span> <span class='ocrx_word' id='word_1_378' title='bbox 1733 1688 1863 1727; x_wconf 81' lang='lat' dir='ltr'><strong>antiqua</strong></span> 
     </span>
     <span class='ocr_line' id='line_1_39' title="bbox 211 1738 1863 1780; baseline -0.001 -11"><span class='ocrx_word' id='word_1_379' title='bbox 211 1748 241 1769; x_wconf 88' lang='lat' dir='ltr'><strong>et</strong></span> <span class='ocrx_word' id='word_1_380' title='bbox 266 1750 362 1770; x_wconf 78' lang='lat' dir='ltr'><strong>nova.</strong></span> <span class='ocrx_word' id='word_1_381' title='bbox 394 1750 509 1780; x_wconf 86' lang='lat' dir='ltr'><strong>magna</strong></span> <span class='ocrx_word' id='word_1_382' title='bbox 534 1743 566 1769; x_wconf 82' lang='lat' dir='ltr'><strong>et</strong></span> <span class='ocrx_word' id='word_1_383' title='bbox 591 1750 688 1779; x_wconf 86' lang='lat' dir='ltr'><strong>parva</strong></span> <span class='ocrx_word' id='word_1_384' title='bbox 712 1739 868 1770; x_wconf 87' lang='lat' dir='ltr'><strong>dictarum</strong></span> <span class='ocrx_word' id='word_1_385' title='bbox 894 1739 1049 1780; x_wconf 75' lang='lat' dir='ltr'><strong>plebium:</strong></span> <span class='ocrx_word' id='word_1_386' title='bbox 1086 1740 1161 1769; x_wconf 76' lang='lat' dir='ltr'><strong>item</strong></span> <span class='ocrx_word' id='word_1_387' title='bbox 1187 1739 1360 1769; x_wconf 81' lang='lat' dir='ltr'><strong>iurisdictio</strong></span> <span class='ocrx_word' id='word_1_388' title='bbox 1386 1738 1485 1768; x_wconf 76' lang='lat' dir='ltr'><strong>civilis</strong></span> <span class='ocrx_word' id='word_1_389' title='bbox 1511 1743 1541 1768; x_wconf 84' lang='lat' dir='ltr'><strong>et</strong></span> <span class='ocrx_word' id='word_1_390' title='bbox 1566 1739 1736 1768; x_wconf 85' lang='lat' dir='ltr'><strong>criminalis</strong></span> <span class='ocrx_word' id='word_1_391' title='bbox 1761 1738 1863 1778; x_wconf 75' lang='lat' dir='ltr'><strong>plebis</strong></span> 
     </span>
     <span class='ocr_line' id='line_1_40' title="bbox 210 1790 1856 1831; baseline -0.001 -10"><span class='ocrx_word' id='word_1_392' title='bbox 210 1790 333 1831; x_wconf 80' lang='lat' dir='ltr'><strong>Epyani</strong></span> <span class='ocrx_word' id='word_1_393' title='bbox 358 1801 429 1821; x_wconf 81' lang='lat' dir='ltr'><strong>cum</strong></span> <span class='ocrx_word' id='word_1_394' title='bbox 454 1797 557 1821; x_wconf 85' lang='lat' dir='ltr'><strong>castro</strong></span> <span class='ocrx_word' id='word_1_395' title='bbox 588 1791 673 1831; x_wconf 85' lang='lat' dir='ltr'><strong>quod</strong></span> <span class='ocrx_word' id='word_1_396' title='bbox 702 1795 834 1821; x_wconf 81' lang='lat' dir='ltr'><strong>vocatur</strong></span> <span class='ocrx_word' id='word_1_397' title='bbox 857 1791 1050 1831; x_wconf 76' lang='lat' dir='ltr'><strong>Altembnrg</strong></span> <span class='ocrx_word' id='word_1_398' title='bbox 1078 1802 1148 1821; x_wconf 88' lang='grc'><strong>011111</strong></span> <span class='ocrx_word' id='word_1_399' title='bbox 1180 1791 1328 1821; x_wconf 77' lang='lat' dir='ltr'><strong>teoloneo</strong></span> <span class='ocrx_word' id='word_1_400' title='bbox 1353 1791 1419 1820; x_wconf 80' lang='lat' dir='ltr'><strong>sive</strong></span> <span class='ocrx_word' id='word_1_401' title='bbox 1445 1794 1532 1820; x_wconf 83' lang='lat' dir='ltr'><strong>muta</strong></span> <span class='ocrx_word' id='word_1_402' title='bbox 1555 1791 1685 1830; x_wconf 83' lang='lat' dir='ltr'><strong>antiqua</strong></span> <span class='ocrx_word' id='word_1_403' title='bbox 1710 1793 1742 1820; x_wconf 92' lang='lat' dir='ltr'><strong>et</strong></span> <span class='ocrx_word' id='word_1_404' title='bbox 1765 1800 1856 1826; x_wconf 82' lang='lat' dir='ltr'><strong>nova,</strong></span> 
     </span>
     <span class='ocr_line' id='line_1_41' title="bbox 211 1841 1862 1883; baseline 0 -11"><span class='ocrx_word' id='word_1_405' title='bbox 211 1852 327 1883; x_wconf 82' lang='lat' dir='ltr'><strong>magna</strong></span> <span class='ocrx_word' id='word_1_406' title='bbox 345 1846 375 1873; x_wconf 89' lang='lat' dir='ltr'><strong>et</strong></span> <span class='ocrx_word' id='word_1_407' title='bbox 392 1853 504 1883; x_wconf 76' lang='lat' dir='ltr'><strong>parva:</strong></span> <span class='ocrx_word' id='word_1_408' title='bbox 529 1843 604 1873; x_wconf 90' lang='lat' dir='ltr'><strong>item</strong></span> <span class='ocrx_word' id='word_1_409' title='bbox 624 1843 795 1873; x_wconf 83' lang='lat' dir='ltr'><strong>iurisdictio</strong></span> <span class='ocrx_word' id='word_1_410' title='bbox 813 1843 912 1873; x_wconf 80' lang='lat' dir='ltr'><strong>civilis</strong></span> <span class='ocrx_word' id='word_1_411' title='bbox 930 1848 961 1873; x_wconf 84' lang='lat' dir='ltr'><strong>ct</strong></span> <span class='ocrx_word' id='word_1_412' title='bbox 979 1843 1149 1873; x_wconf 81' lang='lat' dir='ltr'><strong>criminalis</strong></span> <span class='ocrx_word' id='word_1_413' title='bbox 1166 1842 1371 1877; x_wconf 81' lang='lat' dir='ltr'><strong>Entheclarii,</strong></span> <span class='ocrx_word' id='word_1_414' title='bbox 1397 1842 1534 1877; x_wconf 72' lang='lat' dir='ltr'><strong>(¹ortaei,</strong></span> <span class='ocrx_word' id='word_1_415' title='bbox 1553 1841 1717 1881; x_wconf 74' lang='lat' dir='ltr'><strong>Bugnane,</strong></span> <span class='ocrx_word' id='word_1_416' title='bbox 1735 1841 1862 1877; x_wconf 78' lang='lat' dir='ltr'><strong>Cui-oni,</strong></span> 
     </span>
     <span class='ocr_line' id='line_1_42' title="bbox 211 1892 1860 1935; baseline -0.001 -11"><span class='ocrx_word' id='word_1_417' title='bbox 211 1894 291 1924; x_wconf 94' lang='lat' dir='ltr'><strong>Zelli</strong></span> <span class='ocrx_word' id='word_1_418' title='bbox 315 1904 351 1924; x_wconf 86' lang='lat' dir='ltr'><strong>ac</strong></span> <span class='ocrx_word' id='word_1_419' title='bbox 376 1894 471 1923; x_wconf 85' lang='lat' dir='ltr'><strong>totius</strong></span> <span class='ocrx_word' id='word_1_420' title='bbox 496 1893 598 1934; x_wconf 81' lang='lat' dir='ltr'><strong>plebis</strong></span> <span class='ocrx_word' id='word_1_421' title='bbox 622 1894 762 1924; x_wconf 73' lang='lat' dir='ltr'><strong>Caldarii</strong></span> <span class='ocrx_word' id='word_1_422' title='bbox 787 1905 858 1924; x_wconf 89' lang='lat' dir='ltr'><strong>cum</strong></span> <span class='ocrx_word' id='word_1_423' title='bbox 884 1895 1086 1935; x_wconf 81' lang='lat' dir='ltr'><strong>prepositura</strong></span> <span class='ocrx_word' id='word_1_424' title='bbox 1111 1894 1267 1924; x_wconf 73' lang='lat' dir='ltr'><strong>(lictorum</strong></span> <span class='ocrx_word' id='word_1_425' title='bbox 1292 1894 1450 1924; x_wconf 78' lang='lat' dir='ltr'><strong>locorum:</strong></span> <span class='ocrx_word' id='word_1_426' title='bbox 1484 1894 1559 1923; x_wconf 80' lang='lat' dir='ltr'><strong>item</strong></span> <span class='ocrx_word' id='word_1_427' title='bbox 1584 1892 1759 1923; x_wconf 85' lang='lat' dir='ltr'><strong>iurisdictio</strong></span> <span class='ocrx_word' id='word_1_428' title='bbox 1784 1894 1860 1923; x_wconf 87' lang='lat' dir='ltr'><strong>meri</strong></span> 
     </span>
     <span class='ocr_line' id='line_1_43' title="bbox 211 1944 1860 1985; baseline -0.001 -10"><span class='ocrx_word' id='word_1_429' title='bbox 211 1949 242 1975; x_wconf 84' lang='lat' dir='ltr'><strong>et</strong></span> <span class='ocrx_word' id='word_1_430' title='bbox 266 1946 357 1975; x_wconf 84' lang='lat' dir='ltr'><strong>mixti</strong></span> <span class='ocrx_word' id='word_1_431' title='bbox 380 1945 505 1985; x_wconf 87' lang='lat' dir='ltr'><strong>imperii</strong></span> <span class='ocrx_word' id='word_1_432' title='bbox 531 1946 626 1976; x_wconf 85' lang='lat' dir='ltr'><strong>totius</strong></span> <span class='ocrx_word' id='word_1_433' title='bbox 652 1945 752 1985; x_wconf 86' lang='lat' dir='ltr'><strong>plebis</strong></span> <span class='ocrx_word' id='word_1_434' title='bbox 776 1946 815 1976; x_wconf 89' lang='lat' dir='ltr'><strong>de</strong></span> <span class='ocrx_word' id='word_1_435' title='bbox 841 1945 995 1978; x_wconf 82' lang='lat' dir='ltr'><strong>Cimbria:</strong></span> <span class='ocrx_word' id='word_1_436' title='bbox 1022 1947 1097 1976; x_wconf 87' lang='lat' dir='ltr'><strong>item</strong></span> <span class='ocrx_word' id='word_1_437' title='bbox 1122 1947 1291 1975; x_wconf 73' lang='lat' dir='ltr'><strong>comitatus</strong></span> <span class='ocrx_word' id='word_1_438' title='bbox 1316 1945 1446 1975; x_wconf 78' lang='lat' dir='ltr'><strong>Castolli</strong></span> <span class='ocrx_word' id='word_1_439' title='bbox 1472 1945 1563 1974; x_wconf 78' lang='lat' dir='ltr'><strong>vallis</strong></span> <span class='ocrx_word' id='word_1_440' title='bbox 1582 1944 1765 1974; x_wconf 83' lang='lat' dir='ltr'><strong>Flcmarum</strong></span> <span class='ocrx_word' id='word_1_441' title='bbox 1790 1954 1860 1974; x_wconf 88' lang='lat' dir='ltr'><strong>eum</strong></span> 
     </span>
     <span class='ocr_line' id='line_1_44' title="bbox 210 1996 1861 2037; baseline -0.001 -11"><span class='ocrx_word' id='word_1_442' title='bbox 210 2007 298 2026; x_wconf 88' lang='lat' dir='ltr'><strong>mero</strong></span> <span class='ocrx_word' id='word_1_443' title='bbox 331 2001 362 2027; x_wconf 89' lang='lat' dir='ltr'><strong>et</strong></span> <span class='ocrx_word' id='word_1_444' title='bbox 388 1997 489 2027; x_wconf 87' lang='lat' dir='ltr'><strong>mixto</strong></span> <span class='ocrx_word' id='word_1_445' title='bbox 519 1998 666 2037; x_wconf 87' lang='lat' dir='ltr'><strong>imperio:</strong></span> <span class='ocrx_word' id='word_1_446' title='bbox 707 1998 783 2027; x_wconf 88' lang='lat' dir='ltr'><strong>item</strong></span> <span class='ocrx_word' id='word_1_447' title='bbox 812 2002 949 2028; x_wconf 77' lang='lat' dir='ltr'><strong>castrum</strong></span> <span class='ocrx_word' id='word_1_448' title='bbox 979 2002 1010 2028; x_wconf 89' lang='lat' dir='ltr'><strong>et</strong></span> <span class='ocrx_word' id='word_1_449' title='bbox 1040 1998 1210 2027; x_wconf 84' lang='lat' dir='ltr'><strong>comitatus</strong></span> <span class='ocrx_word' id='word_1_450' title='bbox 1238 1997 1452 2037; x_wconf 67' lang='lat' dir='ltr'><strong>Kunigspergi</strong></span> <span class='ocrx_word' id='word_1_451' title='bbox 1482 2007 1553 2026; x_wconf 80' lang='grc'><strong>00111</strong></span> <span class='ocrx_word' id='word_1_452' title='bbox 1583 2006 1669 2025; x_wconf 86' lang='lat' dir='ltr'><strong>mero</strong></span> <span class='ocrx_word' id='word_1_453' title='bbox 1701 1998 1734 2025; x_wconf 83' lang='lat' dir='ltr'><strong>et</strong></span> <span class='ocrx_word' id='word_1_454' title='bbox 1762 1996 1861 2025; x_wconf 83' lang='lat' dir='ltr'><strong>mixto</strong></span> 
     </span>
     <span class='ocr_line' id='line_1_45' title="bbox 210 2046 1860 2089; baseline -0.001 -12"><span class='ocrx_word' id='word_1_455' title='bbox 210 2048 359 2088; x_wconf 84' lang='lat' dir='ltr'><strong>imperio:</strong></span> <span class='ocrx_word' id='word_1_456' title='bbox 384 2049 459 2078; x_wconf 87' lang='lat' dir='ltr'><strong>item</strong></span> <span class='ocrx_word' id='word_1_457' title='bbox 484 2049 657 2078; x_wconf 85' lang='lat' dir='ltr'><strong>iurisdictio</strong></span> <span class='ocrx_word' id='word_1_458' title='bbox 682 2049 782 2079; x_wconf 77' lang='lat' dir='ltr'><strong>civilis</strong></span> <span class='ocrx_word' id='word_1_459' title='bbox 807 2052 839 2079; x_wconf 83' lang='lat' dir='ltr'><strong>et</strong></span> <span class='ocrx_word' id='word_1_460' title='bbox 863 2049 1033 2079; x_wconf 77' lang='lat' dir='ltr'><strong>criminalis</strong></span> <span class='ocrx_word' id='word_1_461' title='bbox 1058 2049 1198 2089; x_wconf 85' lang='lat' dir='ltr'><strong>plebium</strong></span> <span class='ocrx_word' id='word_1_462' title='bbox 1224 2049 1349 2084; x_wconf 86' lang='lat' dir='ltr'><strong>Teseni,</strong></span> <span class='ocrx_word' id='word_1_463' title='bbox 1374 2047 1485 2077; x_wconf 79' lang='lat' dir='ltr'><strong>Maleti</strong></span> <span class='ocrx_word' id='word_1_464' title='bbox 1511 2051 1542 2077; x_wconf 79' lang='lat' dir='ltr'><strong>et</strong></span> <span class='ocrx_word' id='word_1_465' title='bbox 1566 2046 1656 2076; x_wconf 79' lang='lat' dir='ltr'><strong>Nove</strong></span> <span class='ocrx_word' id='word_1_466' title='bbox 1671 2046 1860 2079; x_wconf 69' lang='lat' dir='ltr'><strong>Teutonieez</strong></span> 
     </span>
     <span class='ocr_line' id='line_1_46' title="bbox 210 2097 1862 2141; baseline -0.001 -13"><span class='ocrx_word' id='word_1_467' title='bbox 210 2099 287 2128; x_wconf 87' lang='lat' dir='ltr'><strong>item</strong></span> <span class='ocrx_word' id='word_1_468' title='bbox 317 2100 486 2129; x_wconf 82' lang='lat' dir='ltr'><strong>comitatus</strong></span> <span class='ocrx_word' id='word_1_469' title='bbox 514 2100 707 2130; x_wconf 87' lang='lat' dir='ltr'><strong>Ultimorum</strong></span> <span class='ocrx_word' id='word_1_470' title='bbox 737 2100 897 2141; x_wconf 79' lang='lat' dir='ltr'><strong>querulam</strong></span> <span class='ocrx_word' id='word_1_471' title='bbox 926 2100 1027 2130; x_wconf 88' lang='lat' dir='ltr'><strong>Ulrici</strong></span> <span class='ocrx_word' id='word_1_472' title='bbox 1062 2101 1186 2130; x_wconf 85' lang='lat' dir='ltr'><strong>comitis</strong></span> <span class='ocrx_word' id='word_1_473' title='bbox 1218 2100 1256 2131; x_wconf 86' lang='lat' dir='ltr'><strong>de</strong></span> <span class='ocrx_word' id='word_1_474' title='bbox 1286 2100 1428 2135; x_wconf 66' lang='lat' dir='ltr'><strong>Ultimis,</strong></span> <span class='ocrx_word' id='word_1_475' title='bbox 1465 2102 1497 2129; x_wconf 88' lang='lat' dir='ltr'><strong>et</strong></span> <span class='ocrx_word' id='word_1_476' title='bbox 1532 2099 1637 2128; x_wconf 72' lang='grc'><strong>1111111111</strong></span> <span class='ocrx_word' id='word_1_477' title='bbox 1673 2102 1703 2128; x_wconf 88' lang='lat' dir='ltr'><strong>et</strong></span> <span class='ocrx_word' id='word_1_478' title='bbox 1739 2097 1862 2137; x_wconf 82' lang='lat' dir='ltr'><strong>singula</strong></span> 
     </span>
     <span class='ocr_line' id='line_1_47' title="bbox 211 2148 1862 2192; baseline -0.001 -13"><span class='ocrx_word' id='word_1_479' title='bbox 211 2149 367 2180; x_wconf 87' lang='lat' dir='ltr'><strong>dictorum</strong></span> <span class='ocrx_word' id='word_1_480' title='bbox 392 2151 534 2181; x_wconf 90' lang='lat' dir='ltr'><strong>locorum</strong></span> <span class='ocrx_word' id='word_1_481' title='bbox 559 2152 626 2181; x_wconf 84' lang='lat' dir='ltr'><strong>iura</strong></span> <span class='ocrx_word' id='word_1_482' title='bbox 651 2156 683 2182; x_wconf 88' lang='lat' dir='ltr'><strong>et</strong></span> <span class='ocrx_word' id='word_1_483' title='bbox 707 2151 875 2182; x_wconf 88' lang='lat' dir='ltr'><strong>cuiuslibet</strong></span> <span class='ocrx_word' id='word_1_484' title='bbox 899 2162 1018 2182; x_wconf 89' lang='lat' dir='ltr'><strong>eorum.</strong></span> <span class='ocrx_word' id='word_1_485' title='bbox 1056 2151 1097 2182; x_wconf 90' lang='lat' dir='ltr'><strong>Ut</strong></span> <span class='ocrx_word' id='word_1_486' title='bbox 1122 2153 1251 2192; x_wconf 87' lang='lat' dir='ltr'><strong>insuper</strong></span> <span class='ocrx_word' id='word_1_487' title='bbox 1274 2156 1305 2181; x_wconf 79' lang='lat' dir='ltr'><strong>te</strong></span> <span class='ocrx_word' id='word_1_488' title='bbox 1331 2154 1363 2181; x_wconf 83' lang='lat' dir='ltr'><strong>et</strong></span> <span class='ocrx_word' id='word_1_489' title='bbox 1387 2149 1555 2179; x_wconf 78' lang='lat' dir='ltr'><strong>ecelesiam</strong></span> <span class='ocrx_word' id='word_1_490' title='bbox 1580 2153 1667 2178; x_wconf 84' lang='lat' dir='ltr'><strong>tuam</strong></span> <span class='ocrx_word' id='word_1_491' title='bbox 1686 2148 1862 2188; x_wconf 87' lang='lat' dir='ltr'><strong>predictam</strong></span> 
     </span>
     <span class='ocr_line' id='line_1_48' title="bbox 212 2200 1862 2244; baseline -0.001 -13"><span class='ocrx_word' id='word_1_492' title='bbox 212 2201 413 2241; x_wconf 82' lang='lat' dir='ltr'><strong>exigentibus</strong></span> <span class='ocrx_word' id='word_1_493' title='bbox 442 2202 562 2232; x_wconf 85' lang='lat' dir='ltr'><strong>meritis</strong></span> <span class='ocrx_word' id='word_1_494' title='bbox 591 2203 651 2232; x_wconf 89' lang='lat' dir='ltr'><strong>tuis</strong></span> <span class='ocrx_word' id='word_1_495' title='bbox 680 2203 788 2233; x_wconf 83' lang='lat' dir='ltr'><strong>favore</strong></span> <span class='ocrx_word' id='word_1_496' title='bbox 818 2204 946 2233; x_wconf 82' lang='lat' dir='ltr'><strong>maioris</strong></span> <span class='ocrx_word' id='word_1_497' title='bbox 975 2204 1076 2243; x_wconf 82' lang='lat' dir='ltr'><strong>gratie</strong></span> <span class='ocrx_word' id='word_1_498' title='bbox 1105 2213 1335 2244; x_wconf 83' lang='lat' dir='ltr'><strong>prosequamur</strong></span> <span class='ocrx_word' id='word_1_499' title='bbox 1365 2206 1397 2232; x_wconf 88' lang='lat' dir='ltr'><strong>et</strong></span> <span class='ocrx_word' id='word_1_500' title='bbox 1426 2211 1483 2241; x_wconf 85' lang='lat' dir='ltr'><strong>per</strong></span> <span class='ocrx_word' id='word_1_501' title='bbox 1510 2201 1569 2230; x_wconf 86' lang='lat' dir='ltr'><strong>hoe</strong></span> <span class='ocrx_word' id='word_1_502' title='bbox 1604 2201 1692 2230; x_wconf 81' lang='lat' dir='ltr'><strong>iuxta</strong></span> <span class='ocrx_word' id='word_1_503' title='bbox 1720 2200 1862 2240; x_wconf 83' lang='lat' dir='ltr'><strong>regalem</strong></span> 
     </span>
     <span class='ocr_line' id='line_1_49' title="bbox 212 2252 1863 2295; baseline -0.001 -13"><span class='ocrx_word' id='word_1_504' title='bbox 212 2252 391 2283; x_wconf 87' lang='lat' dir='ltr'><strong>decentiam</strong></span> <span class='ocrx_word' id='word_1_505' title='bbox 420 2254 613 2293; x_wconf 86' lang='lat' dir='ltr'><strong>premiernus</strong></span> <span class='ocrx_word' id='word_1_506' title='bbox 643 2254 803 2284; x_wconf 85' lang='lat' dir='ltr'><strong>assiduam</strong></span> <span class='ocrx_word' id='word_1_507' title='bbox 833 2254 1094 2293; x_wconf 81' lang='lat' dir='ltr'><strong>sollicitudinem,</strong></span> <span class='ocrx_word' id='word_1_508' title='bbox 1127 2265 1222 2295; x_wconf 89' lang='lat' dir='ltr'><strong>quam</strong></span> <span class='ocrx_word' id='word_1_509' title='bbox 1247 2254 1382 2284; x_wconf 87' lang='lat' dir='ltr'><strong>habuisti</strong></span> <span class='ocrx_word' id='word_1_510' title='bbox 1413 2253 1496 2282; x_wconf 90' lang='lat' dir='ltr'><strong>circa</strong></span> <span class='ocrx_word' id='word_1_511' title='bbox 1521 2252 1656 2281; x_wconf 87' lang='lat' dir='ltr'><strong>honores</strong></span> <span class='ocrx_word' id='word_1_512' title='bbox 1680 2254 1803 2281; x_wconf 83' lang='lat' dir='ltr'><strong>nostros</strong></span> <span class='ocrx_word' id='word_1_513' title='bbox 1831 2255 1863 2281; x_wconf 87' lang='lat' dir='ltr'><strong>et</strong></span> 
     </span>
     <span class='ocr_line' id='line_1_50' title="bbox 212 2303 1861 2346; baseline -0.002 -12"><span class='ocrx_word' id='word_1_514' title='bbox 212 2308 352 2334; x_wconf 87' lang='lat' dir='ltr'><strong>nostram</strong></span> <span class='ocrx_word' id='word_1_515' title='bbox 375 2305 496 2345; x_wconf 77' lang='lat' dir='ltr'><strong>regiam</strong></span> <span class='ocrx_word' id='word_1_516' title='bbox 521 2305 722 2336; x_wconf 82' lang='lat' dir='ltr'><strong>maiestatem</strong></span> <span class='ocrx_word' id='word_1_517' title='bbox 748 2309 779 2335; x_wconf 86' lang='lat' dir='ltr'><strong>et</strong></span> <span class='ocrx_word' id='word_1_518' title='bbox 802 2316 860 2346; x_wconf 88' lang='lat' dir='ltr'><strong>per</strong></span> <span class='ocrx_word' id='word_1_519' title='bbox 880 2316 1077 2346; x_wconf 84' lang='lat' dir='ltr'><strong>consequens</strong></span> <span class='ocrx_word' id='word_1_520' title='bbox 1101 2306 1141 2336; x_wconf 90' lang='lat' dir='ltr'><strong>ad</strong></span> <span class='ocrx_word' id='word_1_521' title='bbox 1167 2305 1334 2336; x_wconf 89' lang='lat' dir='ltr'><strong>comodum</strong></span> <span class='ocrx_word' id='word_1_522' title='bbox 1353 2304 1491 2334; x_wconf 80' lang='lat' dir='ltr'><strong>Romani</strong></span> <span class='ocrx_word' id='word_1_523' title='bbox 1515 2303 1641 2343; x_wconf 87' lang='lat' dir='ltr'><strong>imperii</strong></span> <span class='ocrx_word' id='word_1_524' title='bbox 1665 2306 1696 2332; x_wconf 85' lang='lat' dir='ltr'><strong>et</strong></span> <span class='ocrx_word' id='word_1_525' title='bbox 1721 2303 1861 2332; x_wconf 85' lang='lat' dir='ltr'><strong>faverem</strong></span> 
     </span>
     <span class='ocr_line' id='line_1_51' title="bbox 212 2354 1861 2396; baseline -0.002 -11"><span class='ocrx_word' id='word_1_526' title='bbox 212 2355 417 2386; x_wconf 80' lang='lat' dir='ltr'><strong>substinendo</strong></span> <span class='ocrx_word' id='word_1_527' title='bbox 443 2360 613 2396; x_wconf 82' lang='lat' dir='ltr'><strong>propterea</strong></span> <span class='ocrx_word' id='word_1_528' title='bbox 637 2367 795 2396; x_wconf 83' lang='lat' dir='ltr'><strong>expensas</strong></span> <span class='ocrx_word' id='word_1_529' title='bbox 826 2361 857 2387; x_wconf 89' lang='lat' dir='ltr'><strong>et</strong></span> <span class='ocrx_word' id='word_1_530' title='bbox 884 2368 981 2387; x_wconf 86' lang='lat' dir='ltr'><strong>onera</strong></span> <span class='ocrx_word' id='word_1_531' title='bbox 1012 2361 1043 2387; x_wconf 92' lang='lat' dir='ltr'><strong>et</strong></span> <span class='ocrx_word' id='word_1_532' title='bbox 1071 2358 1213 2388; x_wconf 83' lang='lat' dir='ltr'><strong>maxima</strong></span> <span class='ocrx_word' id='word_1_533' title='bbox 1237 2356 1444 2392; x_wconf 87' lang='lat' dir='ltr'><strong>detrimenta,</strong></span> <span class='ocrx_word' id='word_1_534' title='bbox 1476 2354 1680 2385; x_wconf 83' lang='lat' dir='ltr'><strong>concedimus</strong></span> <span class='ocrx_word' id='word_1_535' title='bbox 1711 2356 1743 2383; x_wconf 86' lang='lat' dir='ltr'><strong>et</strong></span> <span class='ocrx_word' id='word_1_536' title='bbox 1772 2354 1861 2394; x_wconf 82' lang='lat' dir='ltr'><strong>regia</strong></span> 
     </span>
     <span class='ocr_line' id='line_1_52' title="bbox 211 2404 1861 2448; baseline -0.002 -11"><span class='ocrx_word' id='word_1_537' title='bbox 211 2406 402 2437; x_wconf 82' lang='lat' dir='ltr'><strong>liberalitate</strong></span> <span class='ocrx_word' id='word_1_538' title='bbox 432 2407 623 2437; x_wconf 85' lang='lat' dir='ltr'><strong>conferimus</strong></span> <span class='ocrx_word' id='word_1_539' title='bbox 652 2407 706 2438; x_wconf 88' lang='lat' dir='ltr'><strong>tibi</strong></span> <span class='ocrx_word' id='word_1_540' title='bbox 738 2411 769 2438; x_wconf 85' lang='lat' dir='ltr'><strong>et</strong></span> <span class='ocrx_word' id='word_1_541' title='bbox 798 2408 931 2438; x_wconf 84' lang='lat' dir='ltr'><strong>ecclesie</strong></span> <span class='ocrx_word' id='word_1_542' title='bbox 960 2412 1013 2438; x_wconf 86' lang='lat' dir='ltr'><strong>tue</strong></span> <span class='ocrx_word' id='word_1_543' title='bbox 1038 2408 1181 2448; x_wconf 85' lang='lat' dir='ltr'><strong>predicte</strong></span> <span class='ocrx_word' id='word_1_544' title='bbox 1210 2409 1240 2437; x_wconf 89' lang='lat' dir='ltr'><strong>in</strong></span> <span class='ocrx_word' id='word_1_545' title='bbox 1268 2406 1398 2437; x_wconf 79' lang='lat' dir='ltr'><strong>feudum</strong></span> <span class='ocrx_word' id='word_1_546' title='bbox 1431 2410 1462 2435; x_wconf 87' lang='lat' dir='ltr'><strong>et</strong></span> <span class='ocrx_word' id='word_1_547' title='bbox 1492 2405 1579 2435; x_wconf 84' lang='lat' dir='ltr'><strong>feudi</strong></span> <span class='ocrx_word' id='word_1_548' title='bbox 1608 2405 1734 2434; x_wconf 89' lang='lat' dir='ltr'><strong>nomine</strong></span> <span class='ocrx_word' id='word_1_549' title='bbox 1771 2404 1861 2434; x_wconf 84' lang='lat' dir='ltr'><strong>iuris-</strong></span> 
     </span>
     <span class='ocr_line' id='line_1_53' title="bbox 213 2455 1861 2499; baseline -0.001 -12"><span class='ocrx_word' id='word_1_550' title='bbox 213 2457 383 2489; x_wconf 88' lang='lat' dir='ltr'><strong>dictionem</strong></span> <span class='ocrx_word' id='word_1_551' title='bbox 408 2458 604 2488; x_wconf 87' lang='lat' dir='ltr'><strong>criminalem</strong></span> <span class='ocrx_word' id='word_1_552' title='bbox 623 2458 711 2499; x_wconf 82' lang='lat' dir='ltr'><strong>burgi</strong></span> <span class='ocrx_word' id='word_1_553' title='bbox 730 2459 859 2497; x_wconf 76' lang='lat' dir='ltr'><strong>Bozani,</strong></span> <span class='ocrx_word' id='word_1_554' title='bbox 884 2459 971 2489; x_wconf 87' lang='lat' dir='ltr'><strong>illam</strong></span> <span class='ocrx_word' id='word_1_555' title='bbox 988 2459 1138 2489; x_wconf 75' lang='lat' dir='ltr'><strong>videlicet</strong></span> <span class='ocrx_word' id='word_1_556' title='bbox 1154 2463 1288 2499; x_wconf 75' lang='lat' dir='ltr'><strong>partem,</strong></span> <span class='ocrx_word' id='word_1_557' title='bbox 1314 2468 1409 2498; x_wconf 83' lang='lat' dir='ltr'><strong>quam</strong></span> <span class='ocrx_word' id='word_1_558' title='bbox 1434 2456 1474 2487; x_wconf 85' lang='lat' dir='ltr'><strong>ad</strong></span> <span class='ocrx_word' id='word_1_559' title='bbox 1498 2467 1531 2486; x_wconf 87' lang='lat' dir='ltr'><strong>se</strong></span> <span class='ocrx_word' id='word_1_560' title='bbox 1550 2459 1695 2496; x_wconf 81' lang='lat' dir='ltr'><strong>spectare</strong></span> <span class='ocrx_word' id='word_1_561' title='bbox 1713 2455 1861 2485; x_wconf 80' lang='lat' dir='ltr'><strong>(licebant</strong></span> 
     </span>
     <span class='ocr_line' id='line_1_54' title="bbox 213 2506 1860 2549; baseline -0.003 -10"><span class='ocrx_word' id='word_1_562' title='bbox 213 2509 344 2540; x_wconf 88' lang='lat' dir='ltr'><strong>comites</strong></span> <span class='ocrx_word' id='word_1_563' title='bbox 361 2509 565 2549; x_wconf 77' lang='lat' dir='ltr'><strong>Tyrolenses;</strong></span> <span class='ocrx_word' id='word_1_564' title='bbox 591 2510 669 2540; x_wconf 85' lang='lat' dir='ltr'><strong>item</strong></span> <span class='ocrx_word' id='word_1_565' title='bbox 685 2510 935 2541; x_wconf 85' lang='lat' dir='ltr'><strong>iurisdictionem</strong></span> <span class='ocrx_word' id='word_1_566' title='bbox 959 2511 1085 2541; x_wconf 76' lang='lat' dir='ltr'><strong>civilem</strong></span> <span class='ocrx_word' id='word_1_567' title='bbox 1110 2514 1142 2540; x_wconf 86' lang='lat' dir='ltr'><strong>et</strong></span> <span class='ocrx_word' id='word_1_568' title='bbox 1158 2510 1355 2540; x_wconf 86' lang='lat' dir='ltr'><strong>criminalem</strong></span> <span class='ocrx_word' id='word_1_569' title='bbox 1372 2509 1463 2549; x_wconf 81' lang='lat' dir='ltr'><strong>burgi</strong></span> <span class='ocrx_word' id='word_1_570' title='bbox 1481 2507 1571 2548; x_wconf 82' lang='lat' dir='ltr'><strong>Egne</strong></span> <span class='ocrx_word' id='word_1_571' title='bbox 1597 2510 1629 2537; x_wconf 89' lang='lat' dir='ltr'><strong>et</strong></span> <span class='ocrx_word' id='word_1_572' title='bbox 1645 2507 1740 2536; x_wconf 81' lang='lat' dir='ltr'><strong>totius</strong></span> <span class='ocrx_word' id='word_1_573' title='bbox 1759 2506 1860 2546; x_wconf 86' lang='lat' dir='ltr'><strong>plebis</strong></span> 
     </span>
     <span class='ocr_line' id='line_1_55' title="bbox 213 2556 1860 2600; baseline -0.002 -10"><span class='ocrx_word' id='word_1_574' title='bbox 213 2560 346 2600; x_wconf 61' lang='lat' dir='ltr'><strong>ipsiusssg</strong></span> <span class='ocrx_word' id='word_1_575' title='bbox 370 2561 447 2591; x_wconf 88' lang='lat' dir='ltr'><strong>item</strong></span> <span class='ocrx_word' id='word_1_576' title='bbox 464 2565 601 2591; x_wconf 85' lang='lat' dir='ltr'><strong>castrum</strong></span> <span class='ocrx_word' id='word_1_577' title='bbox 616 2561 738 2591; x_wconf 85' lang='lat' dir='ltr'><strong>Visioni</strong></span> <span class='ocrx_word' id='word_1_578' title='bbox 755 2562 846 2592; x_wconf 74' lang='lat' dir='ltr'><strong>vallis</strong></span> <span class='ocrx_word' id='word_1_579' title='bbox 863 2562 1022 2597; x_wconf 79' lang='lat' dir='ltr'><strong>Annanie;</strong></span> <span class='ocrx_word' id='word_1_580' title='bbox 1047 2563 1124 2592; x_wconf 87' lang='lat' dir='ltr'><strong>item</strong></span> <span class='ocrx_word' id='word_1_581' title='bbox 1142 2565 1279 2592; x_wconf 88' lang='lat' dir='ltr'><strong>castrum</strong></span> <span class='ocrx_word' id='word_1_582' title='bbox 1296 2560 1437 2600; x_wconf 83' lang='lat' dir='ltr'><strong>Pcrgini,</strong></span> <span class='ocrx_word' id='word_1_583' title='bbox 1463 2558 1602 2589; x_wconf 79' lang='lat' dir='ltr'><strong>tenenda</strong></span> <span class='ocrx_word' id='word_1_584' title='bbox 1618 2561 1651 2588; x_wconf 84' lang='lat' dir='ltr'><strong>ct</strong></span> <span class='ocrx_word' id='word_1_585' title='bbox 1668 2556 1860 2597; x_wconf 78' lang='lat' dir='ltr'><strong>possidenda</strong></span> 
     </span>
     <span class='ocr_line' id='line_1_56' title="bbox 214 2607 1858 2653; baseline -0.002 -13"><span class='ocrx_word' id='word_1_586' title='bbox 214 2620 251 2641; x_wconf 87' lang='lat' dir='ltr'><strong>eo</strong></span> <span class='ocrx_word' id='word_1_587' title='bbox 279 2611 375 2642; x_wconf 87' lang='lat' dir='ltr'><strong>modo</strong></span> <span class='ocrx_word' id='word_1_588' title='bbox 408 2615 440 2642; x_wconf 77' lang='lat' dir='ltr'><strong>et</strong></span> <span class='ocrx_word' id='word_1_589' title='bbox 470 2613 552 2647; x_wconf 88' lang='lat' dir='ltr'><strong>iure,</strong></span> <span class='ocrx_word' id='word_1_590' title='bbox 585 2612 698 2653; x_wconf 85' lang='lat' dir='ltr'><strong>quibus</strong></span> <span class='ocrx_word' id='word_1_591' title='bbox 729 2616 761 2643; x_wconf 90' lang='lat' dir='ltr'><strong>tu</strong></span> <span class='ocrx_word' id='word_1_592' title='bbox 793 2616 825 2643; x_wconf 87' lang='lat' dir='ltr'><strong>et</strong></span> <span class='ocrx_word' id='word_1_593' title='bbox 856 2613 991 2643; x_wconf 87' lang='lat' dir='ltr'><strong>eeclesia</strong></span> <span class='ocrx_word' id='word_1_594' title='bbox 1022 2616 1075 2643; x_wconf 85' lang='lat' dir='ltr'><strong>tua</strong></span> <span class='ocrx_word' id='word_1_595' title='bbox 1099 2612 1224 2653; x_wconf 85' lang='lat' dir='ltr'><strong>prefata</strong></span> <span class='ocrx_word' id='word_1_596' title='bbox 1248 2612 1363 2642; x_wconf 88' lang='lat' dir='ltr'><strong>tenetis</strong></span> <span class='ocrx_word' id='word_1_597' title='bbox 1395 2614 1426 2640; x_wconf 76' lang='lat' dir='ltr'><strong>et</strong></span> <span class='ocrx_word' id='word_1_598' title='bbox 1450 2609 1619 2650; x_wconf 86' lang='lat' dir='ltr'><strong>possidetis</strong></span> <span class='ocrx_word' id='word_1_599' title='bbox 1643 2607 1705 2638; x_wconf 87' lang='lat' dir='ltr'><strong>alia</strong></span> <span class='ocrx_word' id='word_1_600' title='bbox 1729 2608 1858 2647; x_wconf 78' lang='lat' dir='ltr'><strong>regalia,</strong></span> 
     </span>
    </p>
   </div>
   <div class='ocr_carea' id='block_1_11' title="bbox 216 2714 1858 2790">
    <p class='ocr_par' dir='ltr' id='par_1_11' title="bbox 216 2714 1858 2790">
     <span class='ocr_line' id='line_1_57' title="bbox 316 2714 1858 2750; baseline -0.002 -8"><span class='ocrx_word' id='word_1_601' title='bbox 316 2716 380 2743; x_wconf 71' lang='lat'><strong>239.</strong></span> <span class='ocrx_word' id='word_1_602' title='bbox 408 2719 430 2741; x_wconf 62' lang='grc' dir='ltr'>Μ</span> <span class='ocrx_word' id='word_1_603' title='bbox 450 2720 623 2750; x_wconf 80' lang='lat' dir='ltr'><strong>quarumlibet</strong></span> <span class='ocrx_word' id='word_1_604' title='bbox 645 2719 685 2744; x_wconf 70' lang='lat' dir='ltr'><strong>Oc.</strong></span> <span class='ocrx_word' id='word_1_605' title='bbox 770 2720 791 2749; x_wconf 75' lang='lat' dir='ltr'><strong>e)</strong></span> <span class='ocrx_word' id='word_1_606' title='bbox 811 2721 990 2745; x_wconf 77' lang='lat' dir='ltr'><strong>Mainhardum</strong></span> <span class='ocrx_word' id='word_1_607' title='bbox 1014 2720 1054 2744; x_wconf 69' lang='lat' dir='ltr'><strong>Oe.</strong></span> <span class='ocrx_word' id='word_1_608' title='bbox 1139 2718 1163 2750; x_wconf 62' lang='grc' dir='ltr'><strong>(ἶ)</strong></span> <span class='ocrx_word' id='word_1_609' title='bbox 1183 2720 1250 2744; x_wconf 73' lang='lat' dir='ltr'><strong>deest</strong></span> <span class='ocrx_word' id='word_1_610' title='bbox 1272 2719 1312 2743; x_wconf 80' lang='lat' dir='ltr'><strong>Oc.</strong></span> <span class='ocrx_word' id='word_1_611' title='bbox 1388 2719 1410 2747; x_wconf 69' lang='lat' dir='ltr'><strong>e)</strong></span> <span class='ocrx_word' id='word_1_612' title='bbox 1431 2717 1565 2741; x_wconf 74' lang='lat' dir='ltr'><strong>femineum</strong></span> <span class='ocrx_word' id='word_1_613' title='bbox 1590 2715 1630 2740; x_wconf 71' lang='lat' dir='ltr'><strong>Oe.</strong></span> <span class='ocrx_word' id='word_1_614' title='bbox 1707 2714 1724 2745; x_wconf 82' lang='lat' dir='ltr'><strong>f)</strong></span> <span class='ocrx_word' id='word_1_615' title='bbox 1744 2722 1807 2745; x_wconf 76' lang='lat' dir='ltr'><strong>quas</strong></span> <span class='ocrx_word' id='word_1_616' title='bbox 1832 2714 1858 2739; x_wconf 73' lang='grc' dir='ltr'><strong>Γ.</strong></span> 
     </span>
     <span class='ocr_line' id='line_1_58' title="bbox 216 2759 392 2790; baseline 0.017 -9"><span class='ocrx_word' id='word_1_617' title='bbox 216 2759 240 2790; x_wconf 70' lang='lat' dir='ltr'><strong>g)</strong></span> <span class='ocrx_word' id='word_1_618' title='bbox 259 2760 327 2785; x_wconf 88' lang='lat' dir='ltr'><strong>illius</strong></span> <span class='ocrx_word' id='word_1_619' title='bbox 351 2760 392 2784; x_wconf 79' lang='lat' dir='ltr'><strong>Oe.</strong></span> 
     </span>
    </p>
   </div>
   <div class='ocr_carea' id='block_1_12' title="bbox 320 2818 1657 2848">
    <p class='ocr_par' dir='ltr' id='par_1_12' title="bbox 320 2818 1657 2848">
     <span class='ocr_line' id='line_1_59' title="bbox 320 2818 1657 2848; baseline -0.004 0"><span class='ocrx_word' id='word_1_620' title='bbox 320 2831 356 2848; x_wconf 87' lang='lat' dir='ltr'><strong>LL.</strong></span> <span class='ocrx_word' id='word_1_621' title='bbox 370 2831 583 2848; x_wconf 77' lang='lat' dir='ltr'>CONSTITUTIONES</span> <span class='ocrx_word' id='word_1_622' title='bbox 596 2831 652 2848; x_wconf 80' lang='lat' dir='ltr'><strong>vm.</strong></span> <span class='ocrx_word' id='word_1_623' title='bbox 1625 2818 1657 2843; x_wconf 76' lang='lat'><strong>38</strong></span> 
     </span>
    </p>
   </div>
  </div>
 </body>
</html>
