2189 2984
145 707 169 726 10

144 966 167 985 15

145 1223 169 1242 20

143 1481 168 1500 25

140 1744 166 1763 30

142 2001 167 2019 35

142 2257 168 2275 40

144 2513 169 2531 45

669 145 763 171 ACTA
785 144 897 171 REGNI
918 144 1053 170 KAROLI
1073 145 1120 171 IV.
1157 145 1233 172 1346.
1270 145 1318 171 Ns,
1332 147 1355 172 9.
1792 153 1827 180 133

187 242 246 272 per
268 242 301 262 se
326 232 376 262 vel
400 241 456 272 per
478 231 575 261 'alium
593 231 746 279 vel-alios
771 231 856 270 fecit,
880 231 1028 271 prestitit,
1054 232 1208 271 promisit,
1233 234 1386 263 concessit
1411 238 1441 264 ct
1458 234 1685 274 confi1·mavit¹‚
1708 245 1828 265 necnon

187 287 220 314 et
251 288 346 314 omnia
376 283 438 314 alia
467 288 638 319 iuramenta,
669 288 861 319 obediencias,
890 287 1103 321 promissiones,
1128 289 1333 320 concessiones,
1358 289 1538 321 donationes,
1572 290 1772 317 ratificationes
1802 293 1831 317 et

187 339 414 366 confirmationes
439 341 468 366 et
492 342 585 366 cetera
610 339 716 371 omnia⁷
746 348 800 372 que
834 339 900 365 olim
929 339 1011 365 electi
1035 339 1064 364 in
1088 348 1167 373 reges
1192 339 1380 366 Romanorum
1411 342 1439 366 et
1463 341 1599 374 assumpti
1624 341 1659 367 ad
1682 341 1829 375 imperium

188 391 245 417 sive
274 391 360 417 etiam
389 399 445 417 non
474 391 619 424 assumpti,
648 390 707 416 sive
737 392 889 423 antequam
921 392 1130 416 assumerentur
1159 391 1216 417 sive
1246 393 1310 424 post
1338 401 1387 425 per
1416 400 1443 417 se
1474 392 1516 418 vel
1547 401 1596 426 per
1624 393 1693 418 alios
1718 394 1830 418 summis

186 442 365 476 pontificibus
390 444 418 468 et
442 444 537 468 sancte
561 442 685 469 Romane
716 442 832 468 ecclesie
866 451 914 468 seu
938 451 1032 468 eorum
1058 442 1140 468 alteri
1171 452 1221 476 per
1251 452 1279 469 se
1310 444 1353 469 vel
1383 452 1431 477 per
1459 443 1530 469 alios
1559 444 1759 477 recipientibus
1783 454 1830 471 seu

187 493 335 528 recipienti
360 493 535 527 reperientur
559 493 615 519 suis
637 493 810 527 temporibus
834 493 1000 527 prestitisse,
1024 494 1130 525 fecisse,
1156 495 1333 521 confirmasse
1350 504 1397 521 seu
1415 495 1628 528 quomodolibet
1651 496 1830 522 concessisse.

295 541 354 579 (H)
379 546 449 571 Item
473 541 622 580 promitto
647 545 679 571 et
703 541 781 580 iuro,
807 541 891 581 quod
916 554 1011 571 omnes
1035 554 1180 579 processus
1204 546 1294 572 factos
1319 548 1347 572 et
1369 546 1511 579 quaslibet
1536 547 1691 572 sententias
1708 547 1780 573 latas
1805 550 1830 573 et

187 605 361 630 quecumque
385 596 449 628 alia,
474 605 649 630 quocumque
673 597 786 623 nomine
811 598 986 629 censeantur,
1011 597 1097 623 Rome
1122 607 1169 623 seu
1187 597 1355 630 ubicumque
1379 598 1447 623 alibi
1463 600 1544 631 gesta
1568 607 1616 631 per
1633 594 1830 624 Ludovicuni

187 644 226 674 de
250 644 397 681 Bavaria,
422 654 479 684 per
503 644 671 674 ecclesiam
696 643 736 674 de
761 644 865 674 heresi
890 648 922 674 et
945 645 1092 675 scismate
1121 645 1203 674 iusto
1228 644 1343 674 iudicio
1374 644 1642 684 condempnatum
1667 656 1703 675 ac
1728 646 1831 686 priva-

188 699 253 725 tum
278 695 363 725 omni
387 695 463 731 iure,
489 696 513 725 si
538 695 622 736 quod
648 706 704 736 per
728 695 917 726 electionem
942 696 972 725 in
998 706 1106 736 regem
1130 695 1348 726 Romanorum
1380 696 1418 726 de
1443 697 1510 736 ipso
1536 696 1651 726 factam
1677 698 1706 727 ei
1731 697 1833 728 fuerat

188 747 387 788 acquisitum,
412 760 459 777 seu
484 760 533 784 per
556 751 626 777 alios
650 751 709 777 eius
733 751 846 777 nomine
872 752 915 777 vel
940 751 1111 778 auctoritate
1136 751 1186 777 sub
1210 751 1349 785 imperiali
1373 752 1465 783 titulo,
1491 758 1585 788 quein
1610 748 1667 778 sibi
1693 748 1832 779 indebite

187 799 361 840 usurpavit,
385 808 509 828 necnon
534 799 714 837 etjjomnia,
739 809 799 839 que
825 809 882 839 per
905 810 939 829 sc
964 810 1019 829 seu
1044 799 1140 829 alium
1167 800 1197 829 in
1222 800 1316 829 Italia
1340 799 1414 829 fecit
1438 810 1494 829 seu
1517 800 1631 839 gessit7
1656 800 1751 830 etiam
1777 800 1832 830 Sul)

187 850 287 892 regali
311 851 454 882 nomine.
486 854 518 880 et
549 854 656 880 cetera
685 850 782 880 etiam
808 851 914 880 omnia
946 850 1139 891 ubicumque
1164 856 1255 891 gesta
1286 850 1325 881 ab
1355 861 1391 881 eo
1417 861 1474 891 per
1497 861 1529 879 se
1554 850 1603 880 vel
1635 851 1746 887 alium,
1771 862 1832 892 que

187 912 227 932 cx
251 901 391 932 deffectu
414 902 639 932 iurisdictionis
665 901 713 932 vel
738 903 908 942 potcstatis
934 902 1040 932 facere
1066 902 1124 932 sibi
1150 913 1210 932 non
1236 902 1332 935 licuit,
1357 907 1435 932 nulla
1459 915 1518 932 csse
1542 915 1573 932 ac
1590 915 1668 932 cassa
1691 909 1719 933 et
1736 907 1833 933 irrita*

186 958 377 992 pronunciabo
407 960 436 984 et
466 958 630 989 declarabo,
667 958 715 983 illa
747 958 847 989 etiam,
882 958 1041 991 quathenus
1073 961 1270 992 processerunt
1301 958 1334 984 de
1367 959 1455 989 facto,
1486 958 1637 983 anullando
1667 960 1695 984 et
1722 959 1834 992 penitus

187 1010 353 1036 revocando.

294 1056 370 1097 (III)
397 1062 486 1087 Item*
511 1061 645 1094 promitto
670 1064 698 1087 ct
721 1061 790 1093 iuro,
815 1062 902 1094 quod,
927 1058 950 1087 si
977 1058 1141 1098 contingat
1164 1068 1214 1087 mc
1241 1058 1325 1097 eligi.
1358 1064 1391 1087 ut
1415 1058 1583 1097 prefertur,
1609 1071 1663 1087 non
1693 1063 1834 1096 occupabo

186 1122 237 1139 nec
260 1113 393 1146 recipiam
417 1122 468 1139 nec
493 1113 634 1146 acquiram
660 1122 709 1139 nec
734 1113 918 1146 quovismodo
943 1114 1083 1147 usurpabo
1110 1114 1224 1139 Romam
1250 1116 1299 1139 aut
1323 1113 1494 1147 provincias,
1519 1113 1651 1144 ducatus,
1675 1114 1833 1145 comitatus⁷

186 1160 366 1191 Ferrariam
378 1160 400 1195 2,
425 1164 568 1195 civitates,
594 1165 692 1198 opida,
717 1166 838 1197 eastra&
869 1168 957 1191 terras
981 1166 1051 1191 alias
1076 1175 1123 1191 seu
1154 1165 1298 1191 territoria
1323 1165 1364 1191 vel
1397 1165 1458 1191 loca
1488 1165 1603 1191 ecclesie
1627 1165 1750 1191 Romane
1779 1171 1834 1191 Seu

189 1211 229 1242 ad
253 1212 354 1252 ipsam
379 1211 518 1242 mediate
543 1212 592 1241 vel
618 1212 802 1243 immediate
827 1214 1008 1253 spectancia
1045 1217 1073 1243 in
1099 1218 1181 1243 ltalia
1206 1217 1248 1243 vcl
1282 1216 1397 1242 ubilibet
1428 1219 1507 1242 extra
1531 1217 1656 1248 Italiam,
1685 1213 1764 1242 sicut
1788 1219 1834 1242 est

187 1268 337 1294 comitatus
361 1268 527 1301 Yenaycini,
560 1265 613 1304 qui
637 1263 677 1294 ad
702 1263 881 1294 Romanam
906 1264 1074 1295 ecclesiam
1106 1265 1201 1305 pleno
1226 1265 1293 1294 iurc
1319 1264 1458 1294 noscitur
1483 1265 1658 1304 pertinere,
1688 1269 1719 1294 ct
1744 1264 1830 1305 plura

188 1316 283 1346 ctiam
313 1315 375 1345 alia
404 1315 443 1346 ad
473 1315 607 1346 eandem
639 1316 806 1346 ecclesiam
836 1317 1033 1357 pertinencia
1064 1320 1155 1347 extra
1186 1316 1313 1346 Italiam
1346 1320 1501 1346 constituta
1532 1322 1559 1346 et
1591 1320 1754 1354 specialiter
1784 1330 1833 1346 nec

188 1380 273 1405 regna
296 1371 398 1402 Sicilie,
423 1371 549 1398 Sardinie
574 1374 601 1397 et
622 1372 740 1403 Corsice,
766 1382 819 1405 quc
843 1373 877 1399 de
901 1373 1007 1399 directo
1030 1373 1161 1404 dominio,
1188 1373 1247 1398 iun¹
1272 1375 1298 1398 ct
1325 1373 1406 1397 sendo
1432 1372 1554 1398 eiusdem
1571 1372 1694 1398 Romane
1719 1373 1834 1398 ecclesie

188 1432 247 1449 esse
270 1426 436 1452 noscuntur,
469 1433 518 1449 nec
547 1424 603 1449 alia
628 1424 722 1452 feuda,
756 1425 916 1450 retroi'euda
940 1435 987 1450 seu
1012 1425 1134 1457 quelibet
1169 1425 1225 1450 alia
1250 1424 1311 1450 loca
1345 1424 1379 1449 ad
1404 1424 1519 1449 candem
1544 1424 1689 1449 ecclesiam
1714 1424 1833 1450 mediate

188 1475 231 1501 vel
254 1475 415 1501 immediate
439 1475 600 1508 spect-„incia
624 1485 674 1501 nec
691 1476 760 1507 iura,
785 1485 919 1509 personas
938 1476 978 1501 vel
1006 1486 1048 1502 res
1073 1476 1183 1509 aliquas
1208 1476 1235 1501 in
1263 1475 1374 1505 eisdem,
1400 1482 1456 1501 1100
1478 1471 1636 1511 aliquibus
1658 1471 1832 1501 invadenti-

188 1521 244 1552 bus
267 1532 323 1552 scu
344 1523 571 1563 occupantibus
589 1523 637 1553 vel
661 1523 869 1563 quovismodo
894 1523 1118 1563 usurpantibus
1143 1534 1199 1553 seu
1225 1523 1386 1559 ini-adore,
1411 1533 1566 1563 occupare
1584 1523 1633 1552 vel
1658 1522 1832 1563 quomodo-

185 1573 263 1604 libet
287 1584 438 1614 usurpare
462 1574 726 1614 attemptantibus
750 1585 806 1605 seu
831 1575 1009 1605 volentibus
1034 1575 1177 1615 predicta
1208 1585 1305 1615 regna
1331 1574 1446 1608 Sicilie,
1472 1574 1615 1604 Sardinie
1640 1574 1689 1604 vel
1707 1573 1833 1604 Corsici*

186 1636 242 1656 scu
266 1625 401 1656 Romam
426 1636 463 1656 ac
483 1627 671 1666 provincias,
697 1626 840 1661 ducatus,
867 1627 1046 1663 comitatus,
1072 1626 1261 1663 Ferrariaim
1287 1627 1441 1661 civitates,
1466 1626 1571 1666 opida,
1596 1630 1709 1663 castra,
1735 1630 1834 1656 terras

186 1677 264 1708 alias
299 1688 354 1707 scu
389 1678 547 1707 territoria
576 1677 625 1708 vel
662 1677 731 1708 loca
767 1678 902 1708 ecclesie
936 1678 1079 1708 Romane
1115 1688 1171 1708 scu
1208 1678 1247 1708 ad
1280 1679 1379 1717 ipsam
1418 1678 1586 1707 ecclesiam
1622 1677 1762 1708 mediate
1787 1678 1834 1707 vel

186 1728 356 1759 immediate
381 1729 572 1769 spectancia.
597 1730 662 1759 sive
687 1731 748 1759 sint
772 1730 853 1759 intra
878 1729 1004 1760 Italiam
1029 1731 1094 1759 sive
1121 1734 1211 1759 extra
1235 1729 1372 1763 ltaliam,
1399 1740 1455 1759 scu
1479 1730 1586 1769 aliqua
1611 1729 1834 1769 predictorum.

186 1791 247 1811 non
270 1780 386 1810 iuvabo
411 1791 468 1811 ncc
493 1781 538 1811 eis
561 1780 740 1818 adliercbo,
773 1792 830 1811 nec
855 1782 955 1811 eciam
981 1782 1056 1822 ipsis
1081 1781 1163 1811 dabo
1191 1781 1374 1822 aliqualiter
1402 1781 1570 1815 auxilinm,
1596 1781 1760 1811 consilium
1786 1781 1833 1810 vel

186 1832 338 1865 favorem.
364 1832 437 1872 quin
462 1843 534 1872 ymo
559 1843 764 1873 quoscunque
788 1833 991 1868 invadentes,
1017 1837 1211 1874 occupantes
1242 1843 1297 1863 seu
1315 1832 1558 1873 quomodolibet
1574 1836 1763 1872 usurpantes
1780 1843 1834 1862 sen

185 1883 349 1920 invadere‚
374 1894 529 1924 occupare
553 1885 603 1914 vel
628 1895 780 1925 usurpare
804 1885 948 1915 volentes
973 1895 1028 1915 scu
1053 1889 1283 1925 attemptantes
1313 1885 1395 1914 dicta
1422 1895 1519 1925 regna
1544 1884 1665 1919 Sic-ilic,
1691 1883 1834 1914 Sardinie

186 1940 217 1966 et
241 1936 369 1966 Corsico
401 1939 433 1965 et
458 1935 569 1966 urbem
594 1936 772 1967 Romanam
801 1947 837 1966 ac
869 1936 1017 1968 ducatus.
1047 1938 1233 1970 comitatus.
1267 1937 1460 1977 lii-mincius,
1493 1937 1652 1971 civitates,
1677 1940 1780 1965 castra
1804 1938 1834 1965 ct

187 1991 287 2017 terras
311 1997 367 2017 seu
391 1988 500 2027 quevis
524 1987 587 2017 alia
611 1987 681 2018 loca
698 1987 842 2018 Romane
861 1989 995 2019 ecclesie
1013 1989 1063 2018 vel
1082 1989 1189 2029 aliqua
1215 2000 1253 2019 ex
1278 1988 1399 2018 eisdem
1423 1988 1582 2018 retraham
1608 1993 1639 2017 ct
1663 1986 1833 2027 impediam

186 2049 279 2079 posse
304 2049 390 2075 meo,
421 2038 543 2069 eisdem
573 2050 643 2069 cum
668 2041 763 2070 armis
793 2051 842 2071 nie
875 2040 1065 2081 opponendo
1092 2045 1139 2074 et,
1178 2051 1216 2070 ue
1246 2044 1376 2070 conatus
1402 2040 1510 2070 talium
1535 2039 1682 2069 effectum
1709 2038 1833 2071 habeat,

185 2100 255 2120 cum
281 2094 348 2120 tota
372 2101 443 2120 inca
468 2092 614 2131 potencia
632 2092 808 2122 resistendo
834 2103 869 2122 ac
888 2092 975 2122 vobis
999 2098 1031 2122 et
1056 2093 1190 2122 ecclesie
1209 2092 1353 2122 Romane
1378 2102 1434 2131 pro
1452 2091 1637 2121 defensione
1655 2100 1833 2130 regnorum.

184 2142 417 2182 provinciarum
452 2146 483 2172 et
518 2146 673 2173 terrarum
709 2148 740 2174 et
774 2144 916 2174 locorum
954 2144 1170 2184 predictorum
1211 2147 1318 2173 contra
1361 2152 1579 2183 ‹Vluoscumque
1617 2145 1833 2182 occupatores.

185 2194 348 2223 invasores
381 2198 412 2224 ct
447 2198 650 2234 usurpatores
684 2206 739 2225 seu
768 2206 940 2235 occupare,
976 2195 1127 2226 invadere
1162 2206 1218 2225 seu
1253 2205 1405 2235 usurpare
1438 2198 1665 2234 attemptantes
1700 2192 1836 2223 fideliter

187 2245 378 2281 assistendo,
418 2259 469 2277 nec
503 2251 575 2276 dabo
611 2260 661 2277 nec
699 2252 848 2278 concedam
888 2252 944 2278 ullo
983 2260 1105 2285 unquam
1148 2253 1273 2284 tempore
1312 2251 1340 2276 in
1377 2252 1543 2283 perpetuum
1580 2250 1622 2275 vel
1656 2249 1691 2274 ad
1726 2251 1834 2282 tempus

186 2301 292 2334 aliqum
326 2302 359 2327 de
394 2302 526 2335 predictis
561 2303 612 2329 sub
646 2303 750 2335 colore,
787 2304 948 2330 conditione
981 2304 1023 2330 vel
1054 2304 1139 2329 titulo
1177 2303 1412 2336 quibuscumque,
1511 2302 1648 2337 qnodque
1681 2300 1835 2334 predictam

184 2352 339 2379 Romanam
362 2353 508 2380 ecclesiam
536 2356 585 2380 aut
615 2364 676 2387 vos,
705 2350 866 2381 dominum
892 2354 1033 2381 nostrum
1059 2361 1193 2391 papam,
1219 2364 1267 2380 scu
1291 2362 1468 2379 successores
1494 2355 1601 2379 vestros
1627 2353 1668 2378 vcl
1694 2352 1833 2379 officiales,

184 2404 340 2436 ministros,
370 2406 504 2432 vassallos
528 2408 556 2432 et
580 2406 706 2432 subditos
731 2407 851 2432 vestros
879 2416 934 2433 non
964 2407 1128 2440 inquietabo
1161 2406 1203 2432 vel
1233 2405 1447 2439 quomodolibet
1486 2404 1642 2430 molestabo
1672 2404 1718 2429 iu*
1744 2398 1834 2428 dictis·

185 2457 278 2490 regnis
302 2452 419 2490 Sicilie,
444 2453 588 2484 Sardinie
613 2458 645 2484 et
668 2454 796 2484 Corsico
822 2464 878 2484 nec
904 2455 933 2484 in
958 2454 1035 2485 urbe
1061 2453 1216 2489 Romana,
1242 2454 1352 2488 terris,
1377 2456 1542 2490 provinciis,
1567 2455 1727 2484 ducatibus,
1752 2454 1833 2480 comi-

189 2508 304 2539 tatibus,
328 2509 499 2539 civitatibus,
524 2510 651 2539 castris&
676 2510 766 2544 opidis
790 2512 818 2535 et
841 2510 904 2536 aliis
928 2510 1009 2536 terris
1035 2512 1061 2535 et
1087 2509 1236 2535 territoriis
1260 2508 1427 2542 supradictis
1453 2517 1500 2533 seu
1526 2507 1620 2540 aliquo
1639 2506 1834 2540 predictorum,

187 2554 243 2585 sed
268 2566 324 2585 nec
350 2559 440 2586 extra
465 2555 534 2586 loca
559 2556 707 2597 predicta
733 2558 856 2586 ratione
882 2556 1097 2597 quorumlibet
1122 2556 1308 2586 delictorum
1334 2555 1383 2584 vel
1409 2565 1595 2584 excessuum
1621 2555 1650 2583 in
1674 2553 1750 2582 locis
1775 2553 1833 2582 eis—

188 2606 260 2636 dem
285 2608 525 2637 connnissorum
550 2608 600 2638 vel
629 2608 882 2639 comitendorum
917 2609 1058 2649 aliquem
1083 2608 1131 2638 vel
1163 2608 1286 2647 aliquos
1314 2607 1441 2647 puniam
1467 2606 1515 2636 vel
1545 2606 1622 2635 alias
1647 2614 1833 2645 prosequar:

187 2658 245 2688 nisi
268 2658 327 2688 hoc
352 2658 392 2688 ad
417 2669 467 2689 me
492 2660 667 2700 pertineret
690 2659 729 2690 de
754 2661 821 2690 iurc
847 2670 886 2690 ex
911 2661 973 2690 alia
991 2661 1123 2691 ratione.
1149 2670 1244 2699 quam
1263 2659 1423 2693 territorii,
1449 2668 1518 2687 cum
1537 2656 1685 2686 territorii
1712 2655 1832 2684 ratione

294 2762 317 2787 ll
341 2760 381 2792 Cf.
400 2769 482 2793 supra
501 2764 560 2786 tom.
576 2761 621 2786 IV
637 2769 677 2787 nir.
690 2765 744 2793 393,
765 2766 822 2792 454,
840 2765 897 2787 807.
985 2763 1011 2788 2»
1033 2761 1072 2791 Cf.
1094 2761 1243 2793 li'ermzslcy
1263 2761 1291 2785 in
1311 2760 1511 2791 uilitaihmyen.
1533 2758 1577 2783 dcs
1593 2757 1723 2782 Iustinus·
1738 2756 1760 2787 Iy
1779 2759 1833 2782 0:34,
