2189 2984
243 565 255 582 5

234 868 258 886 {0

234 1127 258 1145 15

230 1384 256 1403 20

232 1644 258 1663 25

235 1901 260 1919 ³0

234 2158 260 2176 35

236 2420 262 2439 40

237 2691 263 2710 45

729 144 823 171 ACTA
842 144 957 171 REGNI
976 144 1110 170 KARom
1131 144 1178 170 IV.
1217 145 1290 171 1347.
1327 145 1374 171 Nr.
1389 145 1447 171 235.
1872 149 1934 179 293

478 294 551 329 235.
586 293 914 330 INFEUDATIO
938 292 1277 330 DOMINORUM
1306 294 1376 329 DE
1401 293 1728 329 GUASTALLA.

958 361 1065 397 1347.
1108 361 1174 396 Iul.
1202 362 1257 396 17.

385 452 439 483 Ex
466 453 556 491 copia
579 453 789 491 transsmnpti
814 451 962 483 notarius
990 462 1020 482 (ι.
1043 453 1131 482 1540.
1160 452 1241 489 faeti
1263 452 1347 483 dedit
1374 452 1402 484 I.
1421 452 1512 490 Affb,
1544 452 1660 483 ‘Stoma
1684 453 1717 483 (Ζί
1743 453 1928 485 Geeastallrc’

278 504 304 540 J,
329 503 391 534 374.
414 514 463 534 nr.
482 505 531 534 65.
573 503 643 543 Qua
666 504 800 534 editione
822 504 972 540 witimer,
1003 503 1153 542 oriyinali
1181 504 1306 542 frustra
1329 504 1488 543 requisito.
1535 504 1623 543 Quod
1646 505 1745 541 fuisse
1770 506 1931 545 ‘sm-[ptum

276 555 312 586 «m
341 557 430 585 carta
458 555 630 585 menbrana
653 565 723 586 cum
747 555 936 594 appensione
958 554 1055 593 sigyillc'
1078 554 1252 593 imperialis
1282 555 1315 586 in
1348 565 1419 586 cera
1443 554 1514 585 alba
1538 555 1681 593 inzpressi
1704 566 1772 586 cum
1796 556 1932 587 cordulis

274 606 383 637 siricis
406 605 543 637 colorum
565 605 692 644 morelli,
717 606 816 637 crocei
839 608 867 636 et
890 605 1014 636 viridis*
1049 608 1184 636 testatur
1214 609 1463 645 transsumptum
1494 616 1594 644 supra
1622 607 1754 637 citatum
1785 617 1837 647 (ιμ.
1855 607 1931 645 Ass«)

275 657 297 690 l.
314 668 338 688 c.
358 668 391 697 p.
409 659 482 690 377.

386 717 461 757 Rcy.
478 717 553 756 imp.
578 717 669 748 VIII
690 727 739 747 nr.
757 716 830 748 326.

385 807 523 838 Karolus
547 807 608 838 Dei
633 808 736 848 gratia
759 808 979 838 Romanorum
1012 819 1068 839 rex
1100 819 1229 849 semper
1253 811 1406 848 augustus
1435 810 1468 838 et
1490 807 1625 838 Boemie
1651 819 1707 839 rex
1809 808 1932 839 dilectis

276 859 425 890 fidelibus
449 860 563 889 nostris
587 859 722 890 Iohanni
746 862 821 890 nato
847 859 1007 900 quondam
1027 859 1174 890 Ghibcrti
1199 860 1360 901 quondam
1381 859 1537 889 Guidonis
1561 860 1692 900 antiqui,
1718 859 1874 889 Ghiberto
1900 862 1932 889 ct

277 912 396 942 Azzoni
421 911 570 941 fratribus
586 911 669 941 natis
686 910 860 952 [quondam
879 909 1068 953 (1111(101110]η
1092 911 1252 952 quondam
1278 910 1411 951 predicti
1430 910 1576 941 Ghiberti
1596 911 1755 952 quondam
1775 911 1931 941 Guidonis

277 963 399 1003 antiqui
423 962 463 992 de
488 962 634 1003 Corrigia
722 962 860 1003 gratiam
885 963 1007 1003 regiam
1033 966 1065 993 et
1089 973 1182 993 0111110
1208 962 1337 992 bonum.

385 1013 490 1054 Regie
515 1014 692 1044 maiestatis
717 1014 880 1054 proprium
900 1025 970 1045 esse.
989 1014 1194 1055 dignoscitur,
1219 1017 1254 1044 ut
1277 1015 1376 1055 ipsius
1400 1014 1519 1044 subditi
1535 1014 1752 1053 subleventur,
1777 1016 1851 1055 quia
1875 1025 1932 1054 per

277 1065 336 1095 hec
371 1065 438 1095 eius
469 1064 596 1095 0111111011
626 1064 791 1095 extollitur
823 1066 957 1106 eiusque
990 1067 1074 1096 salus
1111 1070 1142 1096 et
1175 1066 1377 1096 incolumitas
1409 1069 1610 1106 procuratur,
1643 1067 1703 1106 ipsi
1734 1077 1860 1107 quoque
1891 1065 1931 1095 ad

279 1115 496 1147 obediendum
520 1116 670 1155 gracilius
693 1116 917 1150 informantur,
951 1118 1060 1158 sicque
1090 1117 1272 1158 respublica
1300 1117 1339 1147 ad
1366 1117 1595 1147 exaltationem
1621 1117 1757 1148 Romani
1782 1118 1932 1158 principis

278 1172 310 1198 et
333 1168 527 1208 triumphum
553 1178 611 1208 per
635 1178 690 1198 cos
714 1168 928 1208 locupletatur
951 1168 1003 1198 acb
1022 1169 1076 1199 eob
1094 1168 1260 1199 fecundius
1284 1168 1489 1209 gubernatur.
1536 1168 1641 1199 Decet
1664 1170 1760 1209 igitur
1785 1180 1856 1199 eum
1875 1179 1931 1209 pro

277 1219 403 1250 illorum
429 1220 537 1260 quiete
562 1218 679 1249 ducere
705 1223 815 1250 noctes
839 1221 999 1250 insomnes
1024 1220 1112 1250 iuxta
1137 1221 1292 1250 maiorum
1317 1231 1446 1250 suorum
1471 1221 1617 1259 vestigia„
1642 1224 1676 1249 ut
1700 1231 1758 1260 per
1780 1220 1839 1250 1100
1863 1220 1931 1250 11111-

276 1282 387 1301 versus
412 1270 510 1310 orbis,
540 1271 628 1301 cuius
652 1270 816 1301 Romanus
840 1272 987 1311 princeps
1019 1274 1066 1301 cst
1091 1271 1252 1310 dominus,
1278 1271 1413 1301 celerius
1442 1271 1502 1312 ipsi
1532 1271 1703 1302 famuletur
1731 1272 1833 1312 ipsum
1858 1282 1930 1311 pro-

277 1322 469 1363 sequen(doj>
487 1322 672 1353 muneribus
688 1323 846 1363 gratiosis.
895 1322 1075 1363 Eaproptcr
1100 1334 1155 1353 nos
1179 1324 1209 1353 in
1235 1323 1311 1353 sede
1330 1322 1472 1363 predicte.
1491 1324 1667 1353 maiestatis
1691 1334 1728 1353 ac
1753 1324 1831 1353 solio
1856 1333 1930 1353 con-

276 1375 387 1413 stituti,
413 1374 557 1404 volentes
581 1374 670 1405 iuxta
695 1374 839 1404 debitum
865 1374 1034 1405 observare
1060 1375 1214 1415 premissa
1239 1378 1391 1415 tanquam
1415 1378 1520 1404 rectus
1544 1376 1656 1415 auriga
1680 1375 1770 1405 vobis
1791 1375 1932 1408 Iohanni,

274 1426 432 1457 Ghiberto
457 1429 489 1456 et
513 1426 630 1456 Azzoni
655 1429 687 1456 et
711 1425 767 1456 tibi
793 1426 950 1456 Ghiborto
977 1427 1199 1467 suprascriptis
1231 1433 1263 1456 et
1291 1427 1456 1467 recipienti
1487 1430 1540 1456 tuo
1573 1427 1701 1467 proprio
1738 1428 1863 1457 1101111110
1895 1437 1931 1456 ac

274 1477 474 1518 procuratori
490 1481 522 1507 et
538 1478 757 1517 procuratorio
778 1478 903 1508 nominc
923 1478 1120 1518 prefatorum
1136 1478 1286 1508 lobannis
1304 1482 1336 1508 et
1350 1478 1485 1508 Azzouis
1500 1481 1741 1518 vestrorumque
1760 1478 1932 1508 heredibus

274 1533 308 1560 01
336 1529 572 1559 successoribus
606 1530 637 1559 in
664 1533 857 1570 perpetuum
886 1534 1023 1561 castrum
1054 1530 1221 1560 Guastalle
1255 1531 1394 1570 positum
1422 1531 1452 1559 in
1482 1530 1644 1570 provincia
1673 1530 1869 1560 Lonibardie
1901 1531 1931 1559 111

276 1581 394 1621 riperia
412 1580 517 1611 Paudi
534 1580 697 1615 diocsesis‘)
716 1581 873 1611 Cremone
892 1582 981 1611 iuxta
999 1581 1116 1611 fossam
1135 1581 1311 1611 Ronehalie
1331 1592 1371 1611 ex
1388 1584 1480 1622 parte
1498 1592 1570 1617 una,
1596 1581 1742 1611 Paudum
1761 1592 1801 1611 ex
1818 1581 1930 1618 altera,

278 1636 416 1663 castrum
447 1632 560 1662 Razoli
588 1643 628 1662 ex
659 1633 761 1663 altera
798 1636 830 1663 et
858 1636 996 1663 castrum
1033 1632 1195 1673 quondam
1224 1632 1429 1673 Gramignaci
1460 1644 1500 1663 cx
1531 1633 1633 1663 altera
1661 1633 1711 1663 vel
1741 1634 1765 1663 si
1795 1634 1847 1673 qui
1877 1632 1931 1662 alii

279 1685 385 1715 forent
409 1685 549 1714 veriores
580 1684 735 1719 confines,
768 1685 852 1725 quod
882 1685 923 1715 ad
948 1684 1074 1725 plenam
1101 1686 1347 1725 proprietatem,
1378 1695 1522 1715 mensam
1552 1688 1584 1715 et
1608 1695 1769 1714 cameram
1794 1684 1931 1714 Romani

279 1736 406 1777 imperii
435 1736 575 1766 noscitur
605 1737 782 1776 pertinere,
812 1747 883 1767 eum
915 1736 1061 1767 omnibus
1088 1737 1155 1767 eius
1186 1737 1353 1771 fortilitiis,
1385 1736 1567 1766 hominibus
1598 1740 1629 1766 ct
1660 1737 1818 1776 personis,
1855 1736 1929 1766 iuri-

280 1788 354 1822 bus,
391 1787 622 1824 iurisdictione,
662 1798 750 1818 mero
790 1792 822 1818 ct
857 1789 958 1818 mixto
998 1789 1146 1828 imperio,
1183 1789 1289 1828 aquiS,
1330 1787 1577 1829 aqueductibus,
1617 1798 1771 1828 aquarum
1811 1787 1929 1817 discur-

278 1838 436 1877 sionibus,
458 1839 558 1878 silvis,
582 1840 721 1879 pascuiS,
746 1839 943 1877 nemoribus,
969 1839 1214 1880 piseationibus,
1241 1839 1477 1879 venationibus,
1508 1840 1772 1880 aucupationibus
1796 1839 1930 1880 aliisque

280 1890 533 1931 possessionibus
566 1901 603 1921 ac
634 1891 730 1921 etiam
762 1891 954 1922 molendinis
983 1892 1115 1932 eiusque
1148 1895 1215 1922 toto
1245 1892 1404 1922 territorio
1434 1895 1466 1922 et
1493 1892 1652 1930 districtu,
1682 1902 1752 1921 cum
1784 1891 1931 1921 omnibus

280 1943 349 1973 eius
384 1941 519 1972 vallibus
553 1946 650 1983 atque
687 1943 822 1983 stagnis,
859 1954 930 1973 eum
966 1944 1034 1973 eius
1068 1943 1228 1984 pedagiis,
1264 1943 1435 1984 passagiis,
1472 1943 1682 1983 vectigalibus
1723 1953 1759 1973 ac
1794 1942 1931 1973 toloneis

279 1993 489 2034 omnibusque
536 1993 697 2034 regalibus
735 1993 872 2024 Romani
916 1995 1043 2035 imperii
1083 2005 1144 2035 que
1184 1995 1214 2025 in
1253 1995 1346 2025 titulo
1385 1995 1457 2035 ‘quc
1497 1995 1557 2024 sint
1598 1994 1730 2035 regali&
1767 1994 1805 2024 X.
1842 1994 1930 2024 coll.l

280 2045 404 2086 plenius
429 2044 664 2080 describuntur,
689 2056 747 2076 nee
773 2056 834 2075 non
859 2045 1028 2081 fructibus,
1053 2046 1260 2087 proventibus
1286 2051 1317 2077 et
1342 2046 1519 2077 redditibus
1545 2047 1684 2076 onmium
1714 2045 1930 2086 predictorum

280 2097 409 2138 proprio
434 2100 523 2127 motu
547 2100 635 2127 etex
661 2101 748 2127 certa
766 2098 900 2127 seientia
925 2098 1019 2138 pleno
1044 2099 1111 2128 iure
1136 2098 1355 2135 concedimus,
1380 2098 1571 2129 conferimus
1596 2102 1627 2128 et
1651 2097 1815 2131 donamus,
1841 2097 1930 2126 vobis

280 2152 313 2178 et
336 2148 393 2178 tibi
418 2147 573 2178 Ghiberto
599 2149 739 2188 presenti
765 2152 796 2179 et
820 2149 986 2187 recipienti
1020 2160 1076 2190 pro
1108 2154 1138 2179 te
1170 2153 1201 2180 et
1236 2153 1288 2180 tuo
1324 2151 1452 2190 proprio
1485 2150 1610 2179 1101111110
1645 2159 1681 2179 ac
1712 2149 1930 2189 procuratorio

279 2200 407 2231 nomine
432 2199 647 2240 predictorum
672 2200 800 2230 Ioannis
825 2204 857 2231 01
873 2201 1008 2231 Azzonis
1032 2201 1161 2242 plenam
1186 2206 1394 2242 potestatem,
1420 2201 1580 2231 licentiam
1611 2204 1643 2230 et
1667 2200 1795 2230 bailiam
1820 2200 1929 2240 plena-

279 2251 359 2281 riam
384 2251 598 2282 concedentes
623 2252 857 2292 possessionem
886 2256 918 2282 et
942 2253 1031 2293 quasi
1057 2252 1133 2283 dicti
1157 2254 1252 2283 castri
1277 2264 1312 2283 ac
1338 2253 1478 2283 011111111111
1504 2252 1618 2282 iurium
1643 2251 1858 2292 predictorum
1882 2251 1929 2281 in-

279 2303 461 2344 grediendi,
497 2302 737 2343 aprehendendi
774 2304 964 2334 auctoritate
997 2305 1126 2345 propria
1160 2315 1218 2335 1100
1248 2315 1310 2335 11011
1345 2306 1442 2334 etiam
1477 2304 1579 2341 licite,
1610 2302 1709 2333 libere
1742 2306 1773 2333 et
1801 2303 1930 2343 impune
1959 2319 1966 2324 -

280 2354 483 2385 ammovendi
508 2357 540 2384 et
562 2354 746 2395 expellendi
764 2355 941 2395 quemlibet
958 2355 1205 2396 detemptorem,
1231 2366 1431 2397 quocumque
1457 2357 1523 2385 iure
1548 2365 1603 2385 seu
1629 2354 1719 2384 titulo
1745 2358 1867 2385 asserat
1896 2364 1930 2385 se

281 2406 451 2444 munitum,
491 2406 566 2436 licet
600 2406 640 2436 ad
676 2407 823 2436 notitiam
858 2410 997 2437 nostram
1033 2409 1215 2447 pervenerit
1249 2407 1441 2437 Ghibertum
1474 2407 1518 2437 tui
1548 2406 1698 2436 Iohannis
1739 2409 1863 2446 patrem
1900 2408 1931 2435 et

281 2460 458 2487 vestrorum
483 2456 630 2488 Ghiberti
654 2461 686 2488 et
710 2458 844 2488 Azzonis
868 2468 962 2488 avum
987 2468 1005 2488 a
1029 2458 1114 2488 clare
1138 2460 1292 2489 memorie
1318 2459 1446 2488 domino
1471 2457 1612 2487 Henrico
1642 2468 1700 2487 avo
1732 2460 1852 2491 nostro,
1886 2457 1931 2486 in-

281 2508 451 2539 victissimo
469 2509 623 2549 principe,
640 2508 859 2539 Romanorum
875 2509 1081 2549 imperatore,
1106 2521 1162 2550 pro
1181 2510 1372 2550 quibusdam
1394 2510 1460 2540 eius
1478 2509 1661 2539 excessibus
1685 2512 1717 2538 et
1741 2508 1864 2538 delictis
1889 2507 1928 2538 (le

279 2559 410 2590 crimine
427 2559 494 2590 lese
512 2559 690 2590 maiestatis
707 2559 804 2590 fuisse
821 2560 1055 2591 sententialiter
1072 2561 1316 2592 condemnatum
1329 2562 1351 2599 2,
1370 2561 1478 2601 sicque
1496 2560 1669 2590 secundum
1688 2559 1928 2600 dispositionem

384 2643 448 2670 ‘235-
477 2646 499 2675 ²)
524 2646 590 2670 deest
611 2646 663 2676 ed,
695 2646 879 2677 supplemata&
906 2646 940 2678 cf.
962 2647 1036 2678 infra
1060 2647 1103 2671 lin.
1123 2649 1164 2671 40.
1183 2650 1213 2671 41
1241 2652 1263 2671 et
1289 2646 1347 2678 Affo
1378 2648 1393 2671 l.
1414 2655 1434 2670 e.
1458 2656 1484 2677 p,
1499 2648 1547 2670 :149
1561 2654 1623 2677 δρψ,
1651 2645 1804 2676 praesertim
1830 2654 1855 2676 [1.
1873 2646 1928 2669 258.

283 2686 306 2719 b)
325 2688 358 2712 ab
377 2696 406 2712 ea
425 2688 463 2712 ed.

386 2759 412 2785 1)
432 2758 518 2786 Feud.
538 2760 579 2792 Π,
594 2764 628 2786 56
646 2759 696 2785 (ed.
710 2759 853 2785 Lehmann
868 2767 897 2792 p.
914 2761 979 2793 182).
1072 2761 1098 2794 2)
1120 2760 1172 2786 Die
1192 2766 1227 2787 11.
1241 2770 1273 2788 m.
1287 2761 1389 2793 Aprilis
1408 2769 1435 2787 (ι.
1450 2763 1524 2789 1312;
1542 2767 1624 2791 supra
1645 2761 1704 2783 tom.
1720 2757 1764 2782 IV
1775 2765 1814 2782 nr.
1831 2760 1881 2782 1758.
