2189 2984
215 1795 248 1809 m.
273 1794 290 1810 ⁴2.

309 160 364 187 1:34
794 155 887 181 ACTA
908 155 1018 180 iil-:um
1040 153 1174 180 KAROLI
1195 152 1240 178 IV.
1278 152 1353 178 1:346,
1390 150 1437 176 Nr.
1451 151 1491 176 97.

304 250 333 273 ut
360 248 511 281 prefertur.
543 247 577 273 ob
605 246 793 273 reverenciam
822 246 981 272 sanctitatis
1006 247 1097 271 vcstre
1127 243 1159 270 ct
1187 239 1332 270 Romane
1363 237 1499 267 ecclesie
1528 243 1557 267 et
1587 242 1702 274 propter
1730 240 1815 267 etiam
1844 241 1947 266 bonum

305 299 382 332 pacis
411 299 489 325 vobis
518 298 630 324 domino
662 307 723 324 meo
754 307 825 331 pape
855 296 887 324 et
919 318 954 324 ..
984 291 1218 323 successoribus
1243 290 1355 321 vestris
1386 293 1535 320 concedam
1565 292 1788 318 irrevocabiliter
1819 293 1847 318 et
1875 292 1947 318 dabo

305 351 414 384 plenam
440 352 468 376 et
485 350 601 375 liberam
618 351 788 383 potestatem
813 349 957 382 quictandi
982 350 1010 375 et
1032 347 1194 374 remittendi
1219 346 1348 372 omnibus
1372 344 1535 371 civitatibus
1559 346 1587 370 et
1608 343 1857 370 communitatibus
1881 352 1947 377 quo-

305 410 476 434 rumcunque
486 402 608 427 locorum
623 401 696 426 tarna
708 401 830 434 partium
842 400 923 426 Italie
939 409 989 426 nec
1005 409 1061 425 11011
1076 402 1104 425 et
1117 398 1289 432 quibuslibet
1302 396 1428 431 personis
1442 395 1630 427 singularibus
1643 395 1765 429 partium
1779 395 1947 427 earumdem,

305 453 494 486 cuiuscunque
519 455 609 478 status
633 454 682 478 aut
706 452 875 478 conditionis
900 452 1032 482 existant,
1063 459 1159 477 01111105
1182 450 1308 477 iniurias,
1332 448 1513 479 rebelliones,
1544 447 1754 473 inobediencias
1777 448 1806 473 et
1829 448 1948 473 offensas

306 505 467 531 commissas
491 504 626 530 hactenus
650 504 872 537 quandocunque
896 505 925 529 et
948 503 1251 536 quomodocunque
1275 502 1374 526 contra
1390 499 1538 533 imperium
1563 500 1591 525 et
1614 507 1693 532 reges
1717 507 1749 525 ac
1764 499 1949 532 imperatores

306 553 521 589 Roman(orum)
546 565 593 582 seu
618 555 764 587 officiales,
793 555 937 581 ministros
962 555 1005 581 vel
1028 556 1126 588 gentes
1151 562 1259 584 eorum,
1289 560 1320 578 ac
1344 551 1429 577 etiam
1454 559 1599 584 processus
1623 559 1813 584 quoscumque
1837 552 1866 577 et
1889 559 1948 577 sen-

305 608 412 634 tencias
436 608 499 633 inde
524 609 641 638 secutas,
666 609 804 640 quatenus
827 607 862 632 ad
886 615 964 640 reges
989 615 1020 632 ac
1043 606 1227 639 imperatores
1250 597 1507 638 Roman(orun1),
1531 601 1579 635 qui
1603 602 1717 628 fuerunt
1739 610 1789 636 pro
1813 603 1948 636 tempore,

306 659 443 693 pertinuit
474 659 597 691 cognitio
627 660 655 684 et
686 658 796 692 punitio
825 657 1013 691 predictorum
1046 658 1074 683 et
1102 656 1135 682 ad
1164 665 1220 687 me,
1251 655 1274 680 si
1304 655 1333 680 in
1364 662 1457 687 regem
1482 653 1708 686 Roman(orum)‚
1743 655 1774 680 ut
1801 654 1948 688 prefertur,

307 711 480 744 approbatus
504 711 590 742 fuero,
615 710 726 736 illorum
743 710 902 743 prosecutio
927 709 985 735 iure
1002 708 1081 742 regni
1106 708 1147 734 vel
1165 707 1275 740 imperii
1300 705 1470 739 potuerint
1486 705 1636 738 pertinere,
1661 705 1787 737 tollendi,
1812 706 1948 737 cassandi,

306 762 455 788 revocandi
484 763 512 788 et
542 761 670 788 totaliter
697 761 853 791 anullandi,
888 769 1029 794 penasque
1058 759 1200 793 quaslibet
1231 767 1377 792 corporum
1414 759 1443 784 et
1469 757 1618 788 bonorum,
1655 758 1774 783 mulctas
1806 757 1892 783 etiam
1923 760 1952 784 et

307 813 437 839 infamias
465 822 481 839 a
509 813 568 839 iure
598 813 641 839 vel
668 813 781 839 homine
805 813 916 838 illorum
941 820 1102 838 excessuum
1127 810 1273 836 occasione
1303 809 1345 835 vel
1370 817 1454 835 causa
1477 808 1597 834 inflictas
1622 809 1665 834 vel
1689 808 1778 843 infligi
1802 809 1950 842 possibiles

307 865 335 890 in
364 865 488 891 futurum
517 864 679 890 remittendi
708 866 737 890 et
765 864 876 897 penitus
905 862 1035 889 abolendi
1064 864 1092 888 et
1121 863 1219 888 contra
1247 861 1387 895 predictos
1417 869 1559 892 excessus,
1590 869 1748 894 processus,
1784 861 1950 892 sentencias²

307 926 393 950 penas
418 918 446 942 et
470 916 599 942 infamias
622 916 781 942 huiusmodi
805 916 833 941 in
857 915 998 948 integrum
1023 913 1190 940 restituendi
1221 915 1249 939 et
1277 913 1347 938 alias
1374 912 1408 938 de
1436 911 1491 938 illis
1520 913 1549 938 et
1579 920 1662 945 super
1690 912 1746 938 illis
1771 911 1899 938 omnibus
1924 913 1952 938 et

307 968 433 1002 singulis,
463 967 687 1000 quandocunque
712 969 740 993 et
764 967 1007 1000 quocienscunque
1032 966 1110 992 vobis
1135 964 1281 1005 placuerit,
1310 964 1424 990 insimul
1448 964 1492 990 vel
1515 963 1627 989 divisim
1651 972 1700 997 per
1724 972 1772 990 vos
1797 964 1840 990 vel
1864 963 1950 990 alium

308 1019 455 1045 ordinandi
487 1021 515 1045 et
538 1018 705 1052 disponendi
734 1019 790 1044 alte
818 1020 847 1044 et
870 1018 950 1044 basse
980 1026 1030 1051 pro
1054 1017 1136 1042 libito
1162 1016 1330 1047 voluntatis,
1360 1015 1494 1048 quicquid
1516 1015 1655 1048 placuerit
1679 1017 1770 1041 vestre
1794 1015 1950 1048 sanctitati,

308 1073 337 1097 et
359 1071 412 1097 hoc
435 1071 463 1096 in
481 1070 593 1104 scriptis
607 1070 649 1096 vel
674 1071 733 1096 sine
750 1069 870 1103 scriptis,
895 1078 937 1095 me
963 1069 1049 1095 etiam
1073 1069 1107 1094 ad
1124 1077 1240 1102 regnum
1264 1069 1293 1094 et
1315 1067 1355 1093 ad
1379 1067 1526 1100 imperium
1544 1068 1610 1093 tunc
1632 1062 1811 1103 approbato
1835 1068 1951 1094 absente

308 1125 336 1149 et
359 1132 415 1149 non
439 1124 539 1148 vocato
563 1123 631 1148 nec*
655 1122 711 1148 alio
734 1130 900 1155 quocunque
930 1127 986 1157 pro
1015 1126 1082 1154 1110,
1111 1126 1168 1146 neo
1198 1116 1293 1146 etiam
1318 1114 1480 1155 requisito.
1526 1118 1628 1145 Ratum
1653 1127 1764 1152 quoque
1788 1121 1816 1145 et
1838 1121 1951 1153 gratum

308 1183 357 1208 per
387 1183 429 1200 me
462 1174 497 1200 ad
529 1183 645 1208 regnum
669 1174 713 1199 vel
740 1173 887 1206 imperium
915 1174 994 1204 tunc,
1024 1174 1055 1198 ut
1082 1172 1234 1206 prefertur,
1266 1166 1479 1207 approbatum
1510 1172 1539 1197 et
1568 1179 1618 1204 pro
1649 1171 1855 1197 successoribus
1883 1171 1952 1198 meis

309 1226 470 1252 habiturum
491 1226 635 1259 promitto,
659 1225 792 1258 quicquid
813 1234 896 1259 super
912 1224 1054 1258 premissis
1077 1226 1106 1250 et
1129 1232 1224 1250 eorum
1241 1223 1368 1256 quolibet
1391 1232 1442 1256 per
1457 1223 1639 1249 sanctitatem
1656 1224 1777 1249 vestram
1795 1223 1951 1256 predictam
1970 1233 1974 1238 ·

308 1277 462 1308 remissum,
486 1277 635 1308 sublatum,
660 1278 808 1307 cassatum,
832 1276 997 1307 anullatum,
1025 1277 1198 1306 revocatum,
1223 1274 1386 1301 restitutum
1411 1276 1440 1300 et
1463 1274 1600 1300 abolitum
1624 1274 1710 1300 fuerit
1733 1275 1776 1300 vel
1800 1275 1951 1308 quomodo-

308 1329 379 1355 libet
406 1329 577 1360 ordinatum,
607 1330 635 1355 et
663 1337 746 1362 super
774 1328 826 1354 hoc
856 1327 1025 1353 sufficientes
1054 1327 1132 1352 iuxta
1161 1327 1336 1353 voluntatem
1361 1327 1483 1351 vestram
1510 1327 1642 1359 patentes
1667 1325 1745 1352 vobis
1770 1326 1953 1352 concedam

308 1381 418 1407 litteras
441 1389 507 1407 meo
530 1380 653 1406 munitas
677 1380 778 1413 sigillo,
803 1379 935 1412 quociens
959 1388 1008 1412 per
1032 1387 1080 1404 vos
1104 1387 1187 1412 super
1211 1378 1263 1404 hoc
1280 1378 1358 1404 fuero
1375 1377 1537 1410 requisitus.
1582 1377 1757 1404 Potestateui
1775 1379 1869 1404 autem
1893 1387 1951 1411 pre-

308 1433 421 1458 missam
445 1433 544 1458 durare
568 1429 631 1458 volo
655 1441 705 1465 per
728 1441 831 1457 1111110111
854 1431 995 1464 integrum
1021 1430 1239 1464 computandum
1264 1439 1280 1456 a
1304 1431 1430 1462 tempore
1455 1437 1518 1462 quo,
1550 1430 1701 1462 postquam
1724 1438 1774 1462 per
1797 1430 1952 1463 saepefatam

309 1485 490 1510 sanctitatem
514 1485 635 1510 vestram
660 1478 925 1519 approbationem
951 1478 1109 1518 prefatam
1134 1480 1297 1508 assecutus
1325 1482 1416 1512 fuero,
1448 1482 1475 1507 et
1505 1482 1655 1514 postquam
1679 1481 1757 1507 vobis
1781 1483 1954 1515 potestatem

309 1536 467 1562 huiusmodi
489 1544 650 1562 concessero
675 1536 722 1560 et'⁶
743 1534 865 1560 eiusdem
887 1534 1073 1560 concessionis
1091 1533 1242 1567 potestatis
1259 1533 1369 1559 litteras
1387 1533 1478 1559 fecero
1495 1532 1647 1566 assignari:
1672 1541 1704 1559 eo
1721 1534 1817 1559 tamen
1833 1533 1952 1563 adiecto,

309 1588 395 1622 quod,
425 1587 448 1613 si
477 1589 542 1621 post
565 1586 796 1620 approbationem
825 1585 979 1619 predictam
1005 1586 1124 1612 durante
1153 1594 1227 1611 anno
1251 1585 1378 1619 predicto
1402 1584 1444 1610 illi
1472 1584 1514 1610 vel
1539 1584 1627 1617 aliqui
1651 1592 1684 1610 ex
1708 1584 1760 1616 eis,
1791 1585 1824 1611 de
1852 1585 1953 1618 quibus

309 1640 490 1675 premittitur,
515 1647 621 1664 mecum
639 1638 824 1664 amicabiliter
841 1638 1031 1667 convenirent,
1056 1646 1173 1670 possem
1199 1637 1237 1663 eis
1262 1637 1303 1662 vel
1330 1645 1379 1669 pro
1404 1635 1443 1662 eis
1464 1635 1657 1662 remissionem
1681 1637 1714 1662 et
1737 1635 1794 1662 alia
1817 1637 1954 1670 premissa

310 1694 413 1723 facere,
438 1690 616 1717 concessione
645 1689 804 1716 sanctitat-is
828 1689 952 1723 predicte
977 1698 1059 1722 super
1089 1689 1142 1714 hiis
1168 1689 1243 1714 facta
1266 1696 1443 1721 nequaquam
1469 1687 1614 1717 obstante,
1645 1695 1699 1720 quc
1727 1689 1822 1714 tamen
1851 1688 1880 1713 in
1904 1697 1953 1714 suo

309 1744 391 1778 pleno
416 1743 515 1769 effectu
539 1744 683 1768 remaneat
706 1741 798 1774 quoad
822 1741 915 1767 omnia
938 1741 1002 1773 alia,
1026 1741 1059 1767 de
1083 1741 1184 1774 quibus
1208 1740 1246 1766 sic
1270 1748 1326 1766 non
1350 1740 1455 1765 duxero
1479 1739 1672 1765 ordinandum.

416 1795 485 1820 item
514 1802 588 1825 cum,
621 1793 693 1819 sicut
723 1794 765 1818 est
792 1801 841 1826 per
864 1793 987 1818 diversas
1019 1792 1093 1818 orbis
1121 1793 1215 1825 partes
1239 1792 1321 1825 longe
1346 1791 1459 1824 lateque
1483 1791 1612 1816 diffusum
1637 1792 1666 1816 et
1688 1792 1787 1817 notum
1811 1799 1842 1816 ac
1867 1791 1951 1817 etiam

309 1846 493 1879 divulgatum,
518 1845 673 1871 Ludovicus
690 1845 722 1870 de
736 1844 856 1869 Bavaria
872 1846 987 1877 propter
1004 1843 1182 1877 multiplices.
1207 1852 1314 1877 graves,
1340 1842 1510 1869 execrabiles
1535 1844 1562 1868 et
1580 1851 1706 1868 enormes
1723 1844 1808 1875 atque
1825 1843 1952 1869 notorios

288 1910 294 1917 .
309 1898 368 1924 eius
392 1905 529 1928 05003505,
554 1896 729 1925 offensiones,
754 1896 878 1925 iniurias,
910 1895 1084 1926 rebellionesy
1109 1895 1300 1921 contumacias
1324 1897 1353 1920 et
1376 1896 1554 1927 contemptus
1578 1902 1609 1919 ac
1634 1894 1744 1920 hereses
1769 1895 1797 1920 et
1821 1893 1953 1920 scismata

310 1952 412 1982 atque
434 1949 571 1975 nonnulla
593 1947 774 1974 detestabilia
798 1947 914 1973 crimina
938 1947 1048 1973 notorie
1072 1947 1220 1973 commissa
1248 1955 1296 1980 per
1325 1955 1387 1972 eum
1419 1955 1450 1972 ac
1475 1945 1652 1980 exigentibus
1677 1945 1733 1971 suis
1757 1945 1900 1972 demeritis
1925 1947 1954 1972 et

310 2001 398 2034 culpis
419 2000 564 2026 horrendis
585 2000 670 2026 suerit
694 2002 722 2025 et
745 1999 782 2025 sit
805 2008 854 2032 pcr
877 1999 969 2025 sedem
994 1999 1178 2032 apostolicam
1200 1999 1326 2032 pluribus
1343 1998 1427 2024 variis
1451 2000 1480 2024 et
1496 1997 1613 2024 diversis
1630 1997 1953 2024 excommunicationum

311 2055 339 2079 et
361 2052 573 2078 anathematum
601 2053 630 2078 et
659 2051 721 2077 aliis
749 2051 828 2084 penis
857 2053 885 2077 et
909 2051 1058 2077 sentenciis
1083 2051 1234 2076 innodatus
1263 2059 1294 2076 ac
1323 2050 1398 2076 omni
1426 2050 1498 2081 iure,
1532 2050 1555 2075 si
1587 2050 1661 2082 quod
1685 2058 1817 2082 umquam
1847 2049 1900 2074 sibi
1923 2049 1952 2074 in

310 2113 395 2135 1011110
420 2106 448 2130 et
465 2103 582 2137 imperio
599 2103 744 2133 Rom-amo)
770 2104 927 2136 competere
952 2103 1098 2135 potuisset,
1123 2111 1174 2128 nec
1198 2111 1253 2128 non
1278 2102 1406 2128 omnibus
1431 2101 1528 2133 feudis,
1553 2110 1606 2134 que
1630 2103 1696 2127 tunc
1720 2109 1736 2126 a
1760 2100 1885 2126 Romana
1910 2101 1954 2127 vel

310 2156 372 2182 aliis
397 2155 520 2182 ecclesiis
544 2155 587 2181 vel
611 2154 686 2180 dicto
710 2154 828 2187 imperio
853 2154 1007 2182 obtinebat,
1033 2157 1061 2180 et
1085 2154 1245 2187 specialiter
1269 2154 1371 2180 ducatu
1395 2153 1514 2179 Bavarie
1540 2161 1571 2178 ac
1595 2152 1681 2178 etiam
1705 2151 1785 2178 bonis
1809 2152 1866 2177 suis
1890 2152 1953 2178 aliis

311 2207 438 2233 omnibus
462 2206 612 2232 mobilibus
637 2208 665 2232 et
688 2205 890 2236 immobilibus,
919 2205 1026 2231 iuribus
1050 2207 1079 2231 ct
1102 2205 1343 2231 iurisdictionibus
1368 2205 1495 2238 privatus
1519 2205 1656 2237 perpetuo
1680 2203 1794 2229 iusticia
1817 2203 1952 2229 suadente

311 2267 342 2284 ac
365 2259 397 2284 dc
422 2258 512 2284 heresi
536 2260 565 2283 et
594 2257 723 2283 scismate
752 2258 780 2282 ct
809 2256 871 2282 aliis
896 2256 1012 2282 diversis
1036 2257 1198 2282 criminibus
1223 2258 1251 2283 et
1274 2256 1433 2282 excessibus
1458 2256 1678 2289 condempnatus
1708 2257 1736 2281 et
1758 2255 1899 2281 hereticus
1924 2257 1952 2281 et

311 2310 484 2336 scismaticus
507 2309 617 2343 publice
639 2309 786 2334 nunciatus
804 2310 832 2334 et
848 2310 998 2341 promer-ea
1021 2308 1049 2333 in
1073 2317 1159 2342 penas
1184 2310 1211 2334 et
1228 2308 1385 2334 sentencias
1403 2308 1526 2334 diversas
1550 2308 1608 2333 tam
1632 2307 1661 2332 in
1678 2306 1853 2340 processibus
1877 2307 1952 2333 dicte

311 2361 382 2387 sedis
407 2360 565 2386 huiusmodi
589 2360 733 2386 occasione
758 2359 861 2385 habitis
892 2362 989 2385 contra
1017 2369 1079 2386 eum
1104 2362 1251 2386 contentas
1279 2369 1363 2393 quam
1392 2360 1421 2385 in
1452 2360 1511 2385 iure
1541 2360 1639 2385 contra
1667 2359 1738 2384 tales
1767 2358 1888 2384 inflictas
1913 2358 1953 2384 in-

311 2413 410 2439 cidisse
434 2414 462 2438 et
485 2421 532 2438 eas
556 2412 668 2438 omnino
685 2411 833 2437 incurrisse
858 2411 895 2437 sit
918 2414 945 2437 ct
969 2412 1054 2437 fuerit
1077 2412 1234 2438 declaratus
1258 2420 1290 2437 ac
1307 2411 1392 2438 etiam
1411 2411 1514 2437 Christi
1538 2410 1665 2436 fidelibus
1683 2409 1827 2443 expositus
1845 2411 1952 2444 impug-

312 2465 434 2490 nandus:
523 2472 573 2497 ego
601 2465 745 2496 tamquam
768 2463 885 2488 devotus
915 2465 1010 2488 sanen-
1034 2463 1157 2489 Romane
1190 2463 1306 2490 ecclesie
1330 2463 1402 2489 filius
1434 2471 1569 2495 verusque
1601 2461 1692 2488 cultor
1720 2462 1857 2488 catholice
1888 2462 1951 2488 fidei

312 2515 483 2542 obstinatam
512 2519 539 2541 et
568 2515 753 2548 perniciosam
777 2514 893 2540 nimiam
917 2515 1048 2540 Ludovici
1077 2515 1181 2548 prefati
1204 2515 1389 2548 pertinaciam
1419 2516 1447 2540 et
1478 2514 1623 2547 perfidiam
1652 2513 1805 2540 abhorrens
1836 2515 1865 2540 et
1888 2522 1949 2540 con-

312 2567 412 2593 sultius
436 2567 584 2592 attendens
609 2575 752 2599 processus
777 2565 867 2591 dicte
891 2566 971 2596 sedis,
996 2568 1027 2592 ut
1050 2567 1232 2599 prennittitur,
1257 2566 1369 2592 habitos
1394 2568 1492 2592 contra
1516 2575 1578 2592 eum
1603 2567 1631 2591 et
1652 2565 1830 2591 considerans
1856 2565 1950 2596 etiam,

312 2619 387 2652 quod
410 2618 526 2644 heretici
551 2620 579 2644 et
596 2617 745 2643 scismatici
770 2619 835 2643 sunt
858 2626 874 2642 a
898 2618 1043 2643 catholicis
1067 2627 1117 2651 pro
1142 2618 1246 2644 viribus
1264 2617 1443 2651 expugnandi
1467 2620 1495 2643 ct
1519 2617 1592 2650 quod
1616 2617 1720 2643 eisdem
1744 2616 1870 2643 fidelibus
1894 2626 1951 2642 non

313 2670 377 2696 licet
395 2679 455 2695 cum
473 2669 540 2703 ipsis
557 2669 687 2695 hereticis
705 2669 747 2695 vel
765 2669 929 2695 scismaticis
947 2669 1095 2696 amicicias.
1121 2670 1279 2701 societates,
1310 2669 1560 2699 confederationes,
1577 2669 1731 2702 pactiones,
1755 2668 1951 2701 colligationes

416 2767 462 2793 ΕΠ.
491 2772 512 2799 ³)
533 2769 567 2793 sic
584 2779 632 2800 stro
652 2769 762 2792 ninnium
783 2777 819 2791 or.

1971 713 1993 732 10

1971 971 1994 989 15

1972 1487 1997 1505 25

1973 1745 2008 1763 30·

1972 2003 1995 2021 35

1972 2260 2003 2276 ⁴0,

1970 2517 2000 2535 45,
