2189 2984
350 199 411 227 :304
832 194 927 221 ACTA
948 194 1059 220 REGNJ
1080 194 1215 220 KAROLI
1235 194 1280 231 lV.
1319 193 1392 220 1347.
1428 193 1476 220 Nr.
1490 194 1548 220 246.

721 351 806 386 ο246.
849 352 1003 386 Litterae
1031 351 1076 384 ml
1098 361 1241 394 papam.
1271 370 1321 373 —
1347 350 1421 391 (ca.
1442 350 1530 394 Any.
1549 351 1634 392 20.)

461 430 558 467 Νομία
582 429 616 459 in
644 428 714 459 Cod.
732 429 865 459 Tanrin.
884 429 921 458 H
934 429 997 460 III
1009 430 1051 459 38
1073 429 1096 466 f.
1112 430 1174 458 167
1190 428 1253 468 (T).
1293 427 1474 458 Edideroemt
1491 428 1641 459 Burdach
1659 430 1686 459 et
1703 427 1786 458 Pim·
1809 428 1828 459 l.
1847 439 1871 459 c.
1890 428 2000 467 p.128

349 491 398 511 uer.
416 481 473 517 35;
500 479 652 510 Gabi-iem?
671 490 703 518 p.
722 480 763 509 53
785 489 834 510 ur.
851 480 903 510 22.

459 574 507 605 Ne
540 574 721 604 dolosarum
751 573 929 614 linguarum
961 574 1096 609 astucia,
1132 584 1150 603 a
1185 572 1299 614 quibus
1327 572 1505 613 propheta¹
1536 573 1637 603 eciam
1673 573 1831 613 supplicat
1861 573 2000 613 liberari,

351 630 456 656 vestra
485 625 674 661 clemencia,
707 625 851 664 quamvis
878 635 940 654 non
965 624 1083 661 facilis,
1113 634 1219 664 ymmo
1248 623 1467 664 impossibilis,
1500 624 1580 654 sicut
1606 634 1692 663 reor⁷
1721 624 1826 655 verbis
1856 625 2000 656 inclinari

352 677 527 714 fallacibus,
552 687 622 706 cum
640 676 679 705 sit
696 677 848 715 scriptum
870 676 955 705 omni
972 675 1095 715 spiritui
1119 686 1181 705 non
1199 685 1267 705 esse
1285 674 1478 706 credendum
1487 675 1510 714 ²,
1534 678 1716 715 suspectum
1733 678 1842 706 teneat
1858 679 2000 706 sanctum

353 728 398 762 de
417 728 601 769 cognicione
630 738 701 757 mee
726 727 871 767 puritatis
895 727 1053 763 1111111111111,
1084 736 1215 767 presens
1240 726 1332 757 litera
1357 727 1516 757 sanctitati
1540 730 1644 757 vestre
1669 728 1906 766 transmittitur,
1935 729 2001 758 veri

352 780 479 815 nuncia,
510 778 667 809 mendacii
696 779 824 808 inimica
851 781 883 808 ct
907 778 980 808 dolo
1006 778 1101 808 obvia
1124 778 1271 814 alicuius,
1300 778 1352 818 qui
1377 787 1415 808 ex
1440 780 1535 808 acuta
1558 778 1667 818 lingua
1690 782 1724 808 ut
1747 778 1876 819 gladio³
1899 779 2001 809 inma-

352 830 491 860 culatum
509 830 661 869 sagittare
678 830 787 859 nititur
810 830 840 859 in
858 829 973 867 oculto,
998 830 1085 859 cuius
1105 830 1214 859 innata
1238 832 1270 860 et
1286 830 1464 859 inveterata
1487 830 1633 870 nequicia
1657 840 1719 860 non
1743 828 1886 871 [solum]a
1902 831 2001 870 parti—

352 882 434 921 cipio
464 884 563 911 status
594 884 626 911 et
650 880 778 910 lionoris
803 881 937 911 ecclesie
968 881 1070 921 ipsum
1094 881 1171 911 facit
1194 881 1392 919 inmeritum,
1424 890 1535 911 verum
1564 880 1662 910 efficit
1690 882 1895 921 suscepcione
1929 881 2000 912 aule

354 935 457 962 vestre
483 932 659 962 sanctitatis
684 931 858 972 indignum.

460 983 592 1013 Noverit
620 983 716 1023 igitur
744 983 921 1013 sanctitatis
944 986 1048 1013 vestre
1073 983 1252 1023 benignitas
1280 993 1332 1013 me
1360 983 1513 1013 humilem
1543 993 1668 1014 servum
1692 986 1832 1014 vestrum
1861 984 1892 1014 in
1920 983 2002 1014 festo

352 1034 537 1064 beatissime
555 1034 655 1064 Marie
673 1035 803 1074 virginis
828 1033 867 1064 de
892 1035 1031 1074 presenti
1056 1044 1165 1064 mense
1183 1035 1319 1074 Augusti
1344 1034 1440 1065 fuisse
1465 1045 1523 1074 per
1546 1045 1657 1064 manus
1675 1035 1872 1075 preceptoris
1895 1035 2002 1075 hospi-

352 1086 424 1116 talis
449 1086 555 1115 Sancti
579 1086 707 1126 spiritns
737 1088 769 1115 et
792 1086 981 1115 vicariorum
1008 1085 1215 1116 ecclesiarum
1240 1085 1471 1116 cathedralium
1497 1085 1592 1115 Urbis
1615 1086 1788 1126 antiquitus
1819 1086 1912 1117 solita
1936 1086 2003 1117 dari

353 1137 485 1167 tribunis
520 1137 630 1167 laurea
665 1139 866 1174 coronatum,
906 1136 1058 1166 videlicet
1091 1147 1147 1166 sex
1182 1138 1320 1173 coronis,
1363 1147 1497 1177 quarum
1532 1137 1671 1177 quinque
1707 1136 1835 1168 fuerunt
1869 1138 2001 1169 frondee

354 1188 526 1218 secundum
550 1188 767 1218 Romanorum
800 1189 963 1228 antiquum
995 1188 1172 1218 institutum
1198 1188 1266 1218 dari
1296 1187 1486 1228 augentibus
1514 1188 1743 1228 rempublicam
1775 1193 1939 1229 consuete,
1973 1192 2005 1220 et

353 1242 444 1269 sexta
461 1239 519 1269 fnit
541 1242 705 1279 argentea,
730 1249 791 1279 11110
814 1239 956 1269 valorem
979 1240 1117 1280 quinque
1140 1239 1331 1270 florenorum
1355 1240 1423 1269 auri
1447 1250 1508 1270 non
1533 1239 1670 1269 excedit.
1708 1239 1750 1270 Et
1770 1243 1842 1280 post
1865 1241 2004 1280 ipsarum

354 1292 593 1331 snscepcionem
618 1301 674 1321 sex
692 1290 872 1320 huiusmodi
897 1301 1084 1320 coronarum
1108 1301 1238 1330 pomum
1263 1291 1371 1331 recepi
1394 1301 1452 1331 per
1469 1301 1579 1321 manus
1603 1289 1713 1320 sindici
1730 1291 1867 1321 Romani
1884 1292 2003 1332 populi,

354 1342 476 1372 iusticie
505 1343 705 1382 signativum.
753 1342 822 1377 Que
848 1341 963 1371 devote
993 1342 1166 1382 suscipiens
1196 1341 1234 1372 ad
1263 1343 1451 1372 memoriam
1482 1352 1538 1372 sex
1563 1341 1717 1372 donorum
1743 1342 1878 1382 Spiritus
1905 1344 2004 1373 saneti

354 1393 394 1423 ab
418 1392 561 1423 ciusdem
578 1393 727 1433 largitate
747 1392 841 1422 almib
860 1396 891 1422 et
914 1392 971 1422 sub
989 1396 1096 1423 sancte
1114 1392 1260 1423 Romane
1285 1393 1419 1423 ecclesie
1445 1396 1477 1423 et
1500 1394 1675 1424 sanctitatis
1692 1397 1797 1423 vestre
1820 1395 2006 1425 reverencia

354 1445 535 1485 recognovi.
582 1444 619 1474 In
644 1444 767 1484 quibus,
793 1445 867 1484 quia
891 1445 1090 1485 suscipientis
1114 1445 1200 1475 nulla
1228 1445 1470 1485 perpetuabitur
1493 1446 1674 1485 auctoritas,
1705 1446 1736 1475 in
1761 1456 1915 1476 consensu
1939 1447 2004 1477 sive

353 1495 486 1525 licencia
510 1495 597 1525 nulla
621 1497 680 1525 fuit
704 1495 893 1535 pontificalis
917 1500 1074 1536 oportuna
1098 1500 1250 1536 potestas.

461 1547 549 1576 Tunc
576 1557 648 1576 vero
681 1547 710 1576 in
743 1547 838 1586 plene
871 1551 901 1577 ct
926 1547 1109 1587 plenissimo
1134 1547 1262 1587 publico
1287 1548 1487 1588 parlamento
1513 1547 1551 1578 de
1584 1558 1714 1578 assensu
1744 1548 1846 1578 tocius
1869 1548 2006 1580 Romani

354 1598 462 1638 populi
493 1601 525 1628 et
553 1598 687 1628 alioruin
717 1599 1001 1638 quamplurinmm,
1036 1599 1175 1629 omnium
1204 1600 1271 1629 fere
1300 1599 1463 1629 civitatum
1488 1599 1601 1629 Tuscie
1630 1599 1838 1639 sindieorum,
1871 1600 2005 1631 ecclesie

353 1649 420 1679 7010
446 1649 545 1679 fretus
574 1660 684 1679 omnes
714 1649 858 1679 homines
889 1651 1068 1689 civitatum,
1094 1651 1124 1680 in
1149 1650 1263 1690 quibus
1287 1653 1358 1680 sunt
1382 1650 1589 1681 cardinalium
1614 1651 1696 1680 tituli
1722 1654 1754 1680 et
1777 1650 1860 1681 bona
1885 1661 2004 1689 eorum,

353 1700 393 1730 ab
419 1701 503 1730 omni
528 1700 706 1740 vassallagio
732 1700 875 1738 liberavi,
901 1702 984 1731 cives
1008 1701 1170 1731 Romanos
1195 1701 1287 1732 effeci
1313 1705 1345 1731 et
1367 1702 1479 1732 reduxi
1504 1701 1545 1731 ad
1567 1712 1677 1732 verum
1703 1701 1878 1732 dominium
1903 1702 2005 1733 domi-

354 1762 464 1781 norum
483 1752 701 1789 cardinalium,
728 1763 861 1792 quorum
887 1753 916 1782 in
941 1753 986 1782 cis
1011 1763 1071 1782 non
1093 1753 1253 1783 modicum
1278 1753 1456 1783 iurisdiccio
1482 1752 1548 1783 lesa
1572 1755 1640 1783 erat
1663 1752 1805 1783 adversis
1822 1754 2005 1794 potentibus

354 1807 457 1833 vestre
484 1802 587 1833 Urbis.

461 1854 565 1884 Item4
582 1854 666 1894 11111111
684 1854 787 1884 nullus
804 1856 987 1895 imperator,
1013 1866 1080 1892 rex,
1098 1857 1256 1896 princeps,
1273 1855 1415 1885 marchio
1433 1856 1498 1885 sive
1516 1855 1626 1896 quovis
1643 1855 1705 1885 alio
1723 1857 1860 1886 censitus
1878 1857 2004 1887 nomine

354 1916 424 1935 011111
450 1908 544 1945 gente
574 1905 691 1935 audeat
721 1907 751 1936 111
776 1906 902 1936 Italiam
926 1908 1055 1937 introire
1085 1907 1150 1937 sinc
1174 1910 1278 1937 vestre
1304 1907 1480 1937 sanctitatis
1504 1907 1555 1936 vel
1578 1906 1714 1937 Romani
1739 1907 1849 1947 populi
1873 1908 2005 1938 licencia

354 1957 499 1996 speciali:
536 1957 576 1986 ad
601 1967 662 1997 qne
687 1967 738 1986 me
762 1957 887 1987 induxit
912 1968 990 1997 pura
1015 1968 1110 1997 quam
1131 1957 1235 1987 habeo
1261 1957 1301 1987 ad
1326 1957 1495 1988 ecclesiam
1520 1961 1629 1988 sancta
1651 1957 1731 1988 fides
1756 1961 1787 1988 et
1811 1957 2004 1989 desiderium

354 2008 441 2047 pacis
471 2011 503 2037 et
530 2008 644 2048 quietis
673 2008 766 2038 Italie
796 2012 891 2048 atque
922 2009 1021 2048 regni.
1068 2009 1151 2039 Item
1175 2009 1261 2049 1111011
1289 2019 1382 2039 1101110
1408 2008 1611 2039 detestabilia
1638 2008 1765 2038 nomina
1789 2008 1939 2039 Guelfum
1974 2012 2005 2040 et

355 2059 574 2096 Guibelinum,
610 2060 687 2089 tanti
718 2060 796 2096 iani,
831 2060 929 2100 111-0011
959 2060 1064 2099 dolor,
1098 2061 1259 2091 christiani
1291 2061 1451 2101 sanguinis
1486 2060 1631 2097 effusiva,
1668 2060 1785 2090 audeat
1819 2071 1877 2101 per
1905 2064 2004 2091 totam

354 2110 480 2140 Italiam
506 2110 681 2147 nominare„
707 2110 763 2140 sed
788 2112 873 2141 0111111
896 2112 1096 2152 parcialitate
1121 2112 1268 2152 deposita
1292 2112 1420 2142 fidelem
1445 2121 1479 2142 se
1503 2114 1713 2142 sectatoreme
1737 2114 1844 2142 sancte
1870 2112 2004 2142 ecclesie

355 2161 385 2190 in
411 2162 532 2191 unitate
558 2166 590 2191 et
613 2172 691 2201 pace
717 2161 851 2201 quilibet
875 2166 996 2193 asserat
1020 2166 1051 2193 ct
1076 2166 1256 2203 cognoscat.

463 2212 498 2241 In
524 2213 636 2252 quibus
665 2216 696 2243 et
720 2213 790 2243 aliis
814 2224 871 2253 per
894 2224 945 2244 me
969 2215 1067 2254 gestis
1096 2215 1119 2244 si
1145 2214 1265 2255 aliquid
1288 2217 1396 2254 potest
1422 2215 1563 2254 reputari
1588 2215 1721 2244 ecclesie
1749 2218 1855 2244 sancte
1880 2218 2004 2245 contra-

358 2264 445 2294 riuin.
472 2274 532 2303 11110
551 2274 607 2303 per
623 2265 803 2294 universnm
821 2276 933 2304 paceni
951 2265 1123 2296 decantant
1147 2270 1178 2296 01.
1195 2265 1369 2306 predicant
1394 2265 1538 2306 relinquo
1556 2268 1659 2295 vestre
1684 2265 1800 2296 iudicio
1819 2266 2004 2304 sanctitatis,

356 2315 485 2354 cupiens
510 2315 603 2345 anxie
628 2318 660 2345 et
685 2326 745 2345 non
763 2316 846 2355 ficte,
871 2316 956 2356 quod
973 2316 1120 2357 dignetur
1137 2321 1243 2347 vestra
1267 2318 1416 2347 sanctitas
1434 2317 1560 2347 mittere
1580 2317 1719 2356 aliquem
1737 2317 1838 2346 virum
1855 2315 1926 2355 Dei,
1952 2317 2004 2357 qui

461 2415 525 2440 24⁴3.
554 2421 576 2443 Ζῑ)
596 2418 661 2441 dves!
686 2418 716 2447 T,
742 2419 974 2450 suppl.G‹1h1·ielli.
1072 2419 1096 2449 b)
1117 2421 1186 2443 Iocus
1207 2424 1356 2450 corruptas:
1382 2419 1449 2443 alma
1458 2418 1469 2442 ’.Ζ
1489 2418 1614 2442 Bur-dach
1632 2423 1654 2442 et
1674 2418 1747 2442 Γίιιν.
1846 2422 1868 2447 ⁰>
1888 2419 1957 2443 loco:
1979 2427 2006 2443 se

358 2464 507 2483 sectatorem
534 2460 563 2482 T.-
590 2469 711 2485 sexorein.
734 2462 840 2485 Emcnd.
862 2462 984 2486 Bur-dach
1006 2467 1028 2486 ct.
1048 2462 1120 2487 I’iur.

464 2535 487 2565 1)
514 2535 595 2559 Immo
612 2536 761 2567 psalmista,
783 2537 826 2562 Ps.
845 2541 891 2568 119,
907 2541 929 2562 2.
1036 2538 1062 2562 ‘2¹
1084 2538 1103 2562 Ι
1119 2537 1176 2563 1011.
1198 2542 1220 2567 4,
1237 2542 1255 2563 1.
1365 2536 1390 2568 3)
1412 2538 1445 2569 cf.
1467 2536 1512 2561 Ps.
1530 2540 1568 2565 56,
1582 2540 1603 2561 5.
1705 2537 1731 2567 4)
1752 2536 1796 2561 Ad
1814 2537 1948 2569 sequentia
1970 2537 2004 2568 cf.

361 2577 386 2601 [d
405 2577 475 2609 qaod
494 2577 626 2602 Nicolmrs
649 2578 690 2603 dir»
712 2584 744 2604 11.
759 2588 790 2604 m.
809 2579 928 2604 Octobris
952 2588 1041 2612 papae
1068 2580 1188 2611 scripsit:
1218 2580 1256 2606 De
1285 2579 1396 2605 domino
1424 2588 1488 2613 rege
1508 2579 1619 2605 Boemie
1648 2580 1694 2608 (SC.
1714 2579 1830 2611 Karolo)
1859 2579 1953 2609 nostisv
1983 2579 2006 2605 si

361 2619 565 2652 predecessores
587 2621 628 2645 sui
653 2621 737 2646 taleni
758 2624 897 2655 gestorum
917 2622 1077 2648 memoriam
1097 2622 1124 2647 in
1144 2622 1217 2648 Urbe
1243 2624 1272 2648 et
1295 2623 1356 2647 tota
1376 2621 1459 2647 Italia
1478 2621 1667 2654 reliquissent,
1694 2621 1767 2654 qnod
1791 2621 1850 2647 eius
1869 2621 2004 2647 adventus

360 2664 432 2688 esset
450 2663 548 2688 merito
569 2663 734 2697 diligendus.
772 2664 858 2689 Immo
877 2673 926 2697 per
945 2664 1103 2690 huiusmodi
1122 2664 1321 2697 imperatorum
1340 2664 1490 2690 adventum
1517 2664 1580 2689 urbs
1605 2663 1747 2690 destructa
1767 2664 1892 2689 domibus
1911 2672 2003 2689 nume-

2022 893 2046 912 10

2023 1151 2046 1169 15

2024 1407 2049 1425 20

2025 1662 2048 1681 25

2024 1920 2049 1939 30

2024 2175 2048 2193 35

2025 2469 2050 2487 ⁴0

360 2705 428 2730 rosis
448 2707 475 2731 et
495 2705 552 2731 eius
572 2705 688 2731 ecclesie
708 2706 862 2739 dilapidate
887 2715 1018 2739 sacraque
1038 2716 1131 2732 earum
1151 2707 1291 2740 rapaciter
1311 2708 1454 2733 contracta
1477 2707 1552 2733 fuere
1574 2709 1602 2733 et
1622 2706 1706 2732 Rome
1732 2708 1761 2732 et
1787 2706 1815 2732 in
1840 2708 1901 2732 tota
1920 2706 2004 2732 Italia
2021 2714 2045 2732 45

361 2747 506 2773 commissa
526 2747 614 2781 prelia
633 2750 661 2773 et
679 2748 829 2774 homicidia
846 2749 962 2774 infinita.
994 2749 1052 2775 Nee
1073 2752 1114 2775 est
1129 2750 1211 2775 Italia
1232 2750 1362 2776 tollerare
1381 2749 1517 2783 disposita
1530 2749 1676 2775 introitum
1695 2748 1730 2774 ab
1751 2747 1927 2781 experieneia
1946 2750 2004 2775 tam

362 2790 498 2816 nocivum.
536 2790 664 2816 Burrluclz
687 2794 709 2816 ct
732 2791 802 2816 Ρὶιιν
821 2792 835 2817 I.
851 2799 870 2817 0,
886 2800 914 2824 1².
931 2796 978 2817 1⁶72.
